<?xml version="1.0" encoding="UTF-8"?>
<!DOCTYPE html PUBLIC "-//W3C//DTD XHTML 1.0 Transitional//EN"
    "http://www.w3.org/TR/xhtml1/DTD/xhtml1-transitional.dtd">
<html xmlns="http://www.w3.org/1999/xhtml" xml:lang="en" lang="en">
 <head>
  <title>
</title>
<meta http-equiv="Content-Type" content="text/html;charset=utf-8" />
  <meta name='ocr-system' content='tesseract 3.04.00' />
  <meta name='ocr-capabilities' content='ocr_page ocr_carea ocr_par ocr_line ocrx_word'/>
</head>
<body>
  <div class='ocr_page' id='page_1' title='image "./deeuripidisalce01rittgoog_0016.png"; bbox 0 0 3210 4914; ppageno 0'>
   <div class='ocr_carea' id='block_1_1' title="bbox 640 395 936 460">
    <p class='ocr_par' dir='ltr' id='par_1_1' title="bbox 640 395 936 460">
     <span class='ocr_line' id='line_1_1' title="bbox 640 395 936 460; baseline 0.003 -13"><span class='ocrx_word' id='word_1_1' title='bbox 640 395 936 460; x_wconf 61' lang='lat'>...11-</span> 
     </span>
    </p>
   </div>
   <div class='ocr_carea' id='block_1_2' title="bbox 180 555 1399 1128">
    <p class='ocr_par' dir='ltr' id='par_1_2' title="bbox 180 555 1399 1128">
     <span class='ocr_line' id='line_1_2' title="bbox 181 555 1398 656; baseline -0.002 -22"><span class='ocrx_word' id='word_1_2' title='bbox 181 568 343 656; x_wconf 85' lang='lat' dir='ltr'><strong>funusque</strong></span> <span class='ocrx_word' id='word_1_3' title='bbox 373 570 435 636; x_wconf 87' lang='lat' dir='ltr'><strong>rite</strong></span> <span class='ocrx_word' id='word_1_4' title='bbox 470 568 653 634; x_wconf 84' lang='lat' dir='ltr'><strong>faciendum</strong></span> <span class='ocrx_word' id='word_1_5' title='bbox 678 570 805 634; x_wconf 87' lang='lat' dir='ltr'><strong>curavit</strong></span> <span class='ocrx_word' id='word_1_6' title='bbox 836 574 902 646; x_wconf 80' lang='lat' dir='ltr'><strong>(vv.</strong></span> <span class='ocrx_word' id='word_1_7' title='bbox 924 555 1128 648; x_wconf 57' lang='lat' dir='ltr'><strong>‹tle-4434),</strong></span> <span class='ocrx_word' id='word_1_8' title='bbox 1154 569 1270 634; x_wconf 87' lang='lat' dir='ltr'><strong>chorus</strong></span> <span class='ocrx_word' id='word_1_9' title='bbox 1293 568 1398 654; x_wconf 88' lang='lat' dir='ltr'><strong>primo</strong></span> 
     </span>
     <span class='ocr_line' id='line_1_3' title="bbox 183 686 1399 775; baseline -0.003 -21"><span class='ocrx_word' id='word_1_10' title='bbox 183 690 317 754; x_wconf 88' lang='lat' dir='ltr'><strong>stasimo</strong></span> <span class='ocrx_word' id='word_1_11' title='bbox 340 689 406 775; x_wconf 84' lang='lat' dir='ltr'><strong>(vv.</strong></span> <span class='ocrx_word' id='word_1_12' title='bbox 427 688 611 773; x_wconf 72' lang='lat' dir='ltr'><strong>tau-cto)</strong></span> <span class='ocrx_word' id='word_1_13' title='bbox 636 687 812 754; x_wconf 87' lang='lat' dir='ltr'><strong>Alcestidis</strong></span> <span class='ocrx_word' id='word_1_14' title='bbox 835 701 977 753; x_wconf 89' lang='lat' dir='ltr'><strong>amorem</strong></span> <span class='ocrx_word' id='word_1_15' title='bbox 1005 702 1082 768; x_wconf 86' lang='lat' dir='ltr'><strong>erga</strong></span> <span class='ocrx_word' id='word_1_16' title='bbox 1105 686 1274 772; x_wconf 75' lang='lat' dir='ltr'><strong>conjugem</strong></span> <span class='ocrx_word' id='word_1_17' title='bbox 1298 689 1399 752; x_wconf 88' lang='lat' dir='ltr'><strong>virtu-</strong></span> 
     </span>
     <span class='ocr_line' id='line_1_4' title="bbox 181 800 1399 897; baseline -0.003 -23"><span class='ocrx_word' id='word_1_18' title='bbox 181 817 309 897; x_wconf 83' lang='lat' dir='ltr'>temque</span> <span class='ocrx_word' id='word_1_19' title='bbox 339 807 487 889; x_wconf 81' lang='lat' dir='ltr'>laudibus</span> <span class='ocrx_word' id='word_1_20' title='bbox 510 805 615 873; x_wconf 85' lang='lat' dir='ltr'><strong>effert.</strong></span> <span class='ocrx_word' id='word_1_21' title='bbox 666 806 746 871; x_wconf 88' lang='lat' dir='ltr'><strong>Tum</strong></span> <span class='ocrx_word' id='word_1_22' title='bbox 771 802 925 872; x_wconf 90' lang='lat' dir='ltr'><strong>Hercules</strong></span> <span class='ocrx_word' id='word_1_23' title='bbox 944 800 1065 892; x_wconf 79' lang='lat' dir='ltr'>prodit,</span> <span class='ocrx_word' id='word_1_24' title='bbox 1098 808 1152 891; x_wconf 90' lang='lat' dir='ltr'><strong>qul</strong></span> <span class='ocrx_word' id='word_1_25' title='bbox 1174 805 1207 872; x_wconf 89' lang='lat' dir='ltr'><strong>lu</strong></span> <span class='ocrx_word' id='word_1_26' title='bbox 1229 806 1399 873; x_wconf 83' lang='lat' dir='ltr'><strong>Bistonum</strong></span> 
     </span>
     <span class='ocr_line' id='line_1_5' title="bbox 180 920 1397 1011; baseline -0.002 -19"><span class='ocrx_word' id='word_1_27' title='bbox 180 934 299 993; x_wconf 88' lang='lat' dir='ltr'><strong>terram</strong></span> <span class='ocrx_word' id='word_1_28' title='bbox 335 927 467 1008; x_wconf 82' lang='lat' dir='ltr'><strong>missus,</strong></span> <span class='ocrx_word' id='word_1_29' title='bbox 496 932 531 991; x_wconf 89' lang='lat' dir='ltr'><strong>ut</strong></span> <span class='ocrx_word' id='word_1_30' title='bbox 553 923 721 991; x_wconf 89' lang='lat' dir='ltr'><strong>Diomedis</strong></span> <span class='ocrx_word' id='word_1_31' title='bbox 743 945 843 1011; x_wconf 92' lang='lat' dir='ltr'><strong>equos</strong></span> <span class='ocrx_word' id='word_1_32' title='bbox 865 924 1053 1001; x_wconf 87' lang='lat' dir='ltr'><strong>abduceret,</strong></span> <span class='ocrx_word' id='word_1_33' title='bbox 1084 926 1125 990; x_wconf 85' lang='lat' dir='ltr'><strong>ad</strong></span> <span class='ocrx_word' id='word_1_34' title='bbox 1148 922 1306 1011; x_wconf 78' lang='lat' dir='ltr'><strong>hospitem</strong></span> <span class='ocrx_word' id='word_1_35' title='bbox 1327 920 1397 991; x_wconf 74' lang='lat' dir='ltr'><strong>td·</strong></span> 
     </span>
     <span class='ocr_line' id='line_1_6' title="bbox 181 1037 1398 1128; baseline -0.002 -18"><span class='ocrx_word' id='word_1_36' title='bbox 181 1054 300 1111; x_wconf 89' lang='lat' dir='ltr'><strong>metum</strong></span> <span class='ocrx_word' id='word_1_37' title='bbox 324 1047 474 1112; x_wconf 77' lang='lat' dir='ltr'><strong>devertit.</strong></span> <span class='ocrx_word' id='word_1_38' title='bbox 506 1045 540 1110; x_wconf 93' lang='lat' dir='ltr'><strong>lu</strong></span> <span class='ocrx_word' id='word_1_39' title='bbox 564 1046 660 1110; x_wconf 87' lang='lat' dir='ltr'><strong>tertio</strong></span> <span class='ocrx_word' id='word_1_40' title='bbox 684 1043 783 1126; x_wconf 82' lang='lat' dir='ltr'><strong>igitur</strong></span> <span class='ocrx_word' id='word_1_41' title='bbox 797 1040 943 1128; x_wconf 87' lang='lat' dir='ltr'><strong>episodio</strong></span> <span class='ocrx_word' id='word_1_42' title='bbox 964 1041 1108 1114; x_wconf 73' lang='lat' dir='ltr'><strong>(rudld</strong></span> <span class='ocrx_word' id='word_1_43' title='bbox 1122 1040 1227 1115; x_wconf 71' lang='lat' dir='ltr'><strong>-567t</strong></span> <span class='ocrx_word' id='word_1_44' title='bbox 1241 1037 1398 1110; x_wconf 81' lang='lat' dir='ltr'><strong>Hercules</strong></span> 
     </span>
    </p>
   </div>
   <div class='ocr_carea' id='block_1_3' title="bbox 175 1161 1463 2679">
    <p class='ocr_par' dir='ltr' id='par_1_3' title="bbox 175 1161 1463 2679">
     <span class='ocr_line' id='line_1_7' title="bbox 181 1161 1396 1250; baseline 0.002 -20"><span class='ocrx_word' id='word_1_45' title='bbox 181 1163 282 1230; x_wconf 85' lang='lat' dir='ltr'><strong>choro</strong></span> <span class='ocrx_word' id='word_1_46' title='bbox 303 1165 389 1231; x_wconf 88' lang='lat' dir='ltr'><strong>unda</strong></span> <span class='ocrx_word' id='word_1_47' title='bbox 414 1167 522 1230; x_wconf 87' lang='lat' dir='ltr'><strong>veniat</strong></span> <span class='ocrx_word' id='word_1_48' title='bbox 533 1163 674 1250; x_wconf 91' lang='lat' dir='ltr'><strong>quidque</strong></span> <span class='ocrx_word' id='word_1_49' title='bbox 697 1163 737 1229; x_wconf 91' lang='lat' dir='ltr'><strong>ab</strong></span> <span class='ocrx_word' id='word_1_50' title='bbox 757 1161 937 1247; x_wconf 85' lang='lat' dir='ltr'><strong>Eurystheo</strong></span> <span class='ocrx_word' id='word_1_51' title='bbox 957 1163 1074 1246; x_wconf 86' lang='lat' dir='ltr'><strong>jussus</strong></span> <span class='ocrx_word' id='word_1_52' title='bbox 1097 1163 1141 1228; x_wconf 87' lang='lat' dir='ltr'><strong>sit</strong></span> <span class='ocrx_word' id='word_1_53' title='bbox 1162 1162 1318 1248; x_wconf 86' lang='lat' dir='ltr'><strong>perficere</strong></span> <span class='ocrx_word' id='word_1_54' title='bbox 1340 1180 1396 1232; x_wconf 59' lang='lat' dir='ltr'><strong>exe</strong></span> 
     </span>
     <span class='ocr_line' id='line_1_8' title="bbox 180 1276 1396 1369; baseline -0.001 -21"><span class='ocrx_word' id='word_1_55' title='bbox 180 1284 283 1369; x_wconf 89' lang='lat' dir='ltr'><strong>pouit,</strong></span> <span class='ocrx_word' id='word_1_56' title='bbox 307 1285 422 1351; x_wconf 89' lang='lat' dir='ltr'><strong>deiude</strong></span> <span class='ocrx_word' id='word_1_57' title='bbox 444 1276 661 1361; x_wconf 82' lang='lat' dir='ltr'><strong>ao‘Admero,</strong></span> <span class='ocrx_word' id='word_1_58' title='bbox 684 1284 737 1368; x_wconf 91' lang='lat' dir='ltr'><strong>qui</strong></span> <span class='ocrx_word' id='word_1_59' title='bbox 754 1280 883 1346; x_wconf 81' lang='lat' dir='ltr'><strong>interim</strong></span> <span class='ocrx_word' id='word_1_60' title='bbox 907 1281 1040 1347; x_wconf 87' lang='lat' dir='ltr'><strong>domum</strong></span> <span class='ocrx_word' id='word_1_61' title='bbox 1064 1283 1255 1361; x_wconf 75' lang='lat' dir='ltr'><strong>intraverat,</strong></span> <span class='ocrx_word' id='word_1_62' title='bbox 1278 1278 1396 1348; x_wconf 78' lang='lat' dir='ltr'><strong>inrita-</strong></span> 
     </span>
     <span class='ocr_line' id='line_1_9' title="bbox 178 1400 1395 1489; baseline 0.001 -23"><span class='ocrx_word' id='word_1_63' title='bbox 178 1407 243 1477; x_wconf 84' lang='lat' dir='ltr'><strong>tur,</strong></span> <span class='ocrx_word' id='word_1_64' title='bbox 272 1410 307 1468; x_wconf 90' lang='lat' dir='ltr'><strong>ut</strong></span> <span class='ocrx_word' id='word_1_65' title='bbox 339 1403 426 1489; x_wconf 92' lang='lat' dir='ltr'><strong>apud</strong></span> <span class='ocrx_word' id='word_1_66' title='bbox 457 1423 492 1469; x_wconf 90' lang='lat' dir='ltr'><strong>se</strong></span> <span class='ocrx_word' id='word_1_67' title='bbox 521 1410 671 1479; x_wconf 90' lang='lat' dir='ltr'><strong>maneat;</strong></span> <span class='ocrx_word' id='word_1_68' title='bbox 704 1400 816 1467; x_wconf 88' lang='lat' dir='ltr'><strong>iuuere</strong></span> <span class='ocrx_word' id='word_1_69' title='bbox 848 1420 924 1465; x_wconf 90' lang='lat' dir='ltr'><strong>vero</strong></span> <span class='ocrx_word' id='word_1_70' title='bbox 949 1406 1126 1487; x_wconf 88' lang='lat' dir='ltr'><strong>conspecto</strong></span> <span class='ocrx_word' id='word_1_71' title='bbox 1149 1418 1212 1466; x_wconf 88' lang='lat' dir='ltr'><strong>noo</strong></span> <span class='ocrx_word' id='word_1_72' title='bbox 1236 1403 1395 1468; x_wconf 59' lang='lat' dir='ltr'><strong>retineam</strong></span> 
     </span>
     <span class='ocr_line' id='line_1_10' title="bbox 179 1516 1395 1608; baseline 0.001 -23"><span class='ocrx_word' id='word_1_73' title='bbox 179 1522 242 1586; x_wconf 90' lang='lat' dir='ltr'><strong>nisi</strong></span> <span class='ocrx_word' id='word_1_74' title='bbox 265 1529 437 1607; x_wconf 83' lang='lat' dir='ltr'><strong>praetextu</strong></span> <span class='ocrx_word' id='word_1_75' title='bbox 459 1523 544 1592; x_wconf 86' lang='lat' dir='ltr'><strong>ficto,</strong></span> <span class='ocrx_word' id='word_1_76' title='bbox 567 1520 770 1608; x_wconf 81' lang='lat' dir='ltr'><strong>peregrinam</strong></span> <span class='ocrx_word' id='word_1_77' title='bbox 792 1519 961 1585; x_wconf 87' lang='lat' dir='ltr'><strong>mulierem</strong></span> <span class='ocrx_word' id='word_1_78' title='bbox 985 1517 1131 1604; x_wconf 82' lang='lat' dir='ltr'><strong>sepeliri.</strong></span> <span class='ocrx_word' id='word_1_79' title='bbox 1161 1516 1263 1586; x_wconf 81' lang='lat' dir='ltr'><strong>Ghoro</strong></span> <span class='ocrx_word' id='word_1_80' title='bbox 1287 1529 1395 1588; x_wconf 67' lang='lat' dir='ltr'><strong>aufem</strong></span> 
     </span>
     <span class='ocr_line' id='line_1_11' title="bbox 178 1632 1393 1727; baseline 0.001 -23"><span class='ocrx_word' id='word_1_81' title='bbox 178 1659 253 1722; x_wconf 84' lang='lat' dir='ltr'><strong>rege</strong></span> <span class='ocrx_word' id='word_1_82' title='bbox 266 1640 397 1707; x_wconf 92' lang='lat' dir='ltr'><strong>nimiam</strong></span> <span class='ocrx_word' id='word_1_83' title='bbox 419 1638 671 1727; x_wconf 80' lang='lat' dir='ltr'><strong>hospitalitatem</strong></span> <span class='ocrx_word' id='word_1_84' title='bbox 689 1636 863 1724; x_wconf 86' lang='lat' dir='ltr'><strong>opprobrio</strong></span> <span class='ocrx_word' id='word_1_85' title='bbox 878 1632 1014 1704; x_wconf 83' lang='lat' dir='ltr'><strong>facienti</strong></span> <span class='ocrx_word' id='word_1_86' title='bbox 1031 1637 1087 1705; x_wconf 88' lang='lat' dir='ltr'><strong>ille</strong></span> <span class='ocrx_word' id='word_1_87' title='bbox 1102 1641 1289 1726; x_wconf 66' lang='lat' dir='ltr'><strong>respondet,</strong></span> <span class='ocrx_word' id='word_1_88' title='bbox 1306 1640 1393 1707; x_wconf 86' lang='lat' dir='ltr'><strong>cala-</strong></span> 
     </span>
     <span class='ocr_line' id='line_1_12' title="bbox 177 1754 1393 1847; baseline 0.002 -24"><span class='ocrx_word' id='word_1_89' title='bbox 177 1758 323 1824; x_wconf 85' lang='lat' dir='ltr'><strong>mitatem</strong></span> <span class='ocrx_word' id='word_1_90' title='bbox 346 1761 470 1847; x_wconf 85' lang='lat' dir='ltr'><strong>hospite</strong></span> <span class='ocrx_word' id='word_1_91' title='bbox 491 1756 624 1825; x_wconf 90' lang='lat' dir='ltr'><strong>dimisso</strong></span> <span class='ocrx_word' id='word_1_92' title='bbox 647 1779 710 1823; x_wconf 91' lang='lat' dir='ltr'><strong>non</strong></span> <span class='ocrx_word' id='word_1_93' title='bbox 734 1757 843 1822; x_wconf 89' lang='lat' dir='ltr'><strong>minui.</strong></span> <span class='ocrx_word' id='word_1_94' title='bbox 876 1754 936 1823; x_wconf 91' lang='lat' dir='ltr'><strong>His</strong></span> <span class='ocrx_word' id='word_1_95' title='bbox 957 1757 1069 1823; x_wconf 77' lang='lat' dir='ltr'><strong>verbis</strong></span> <span class='ocrx_word' id='word_1_96' title='bbox 1091 1766 1274 1824; x_wconf 76' lang='lat' dir='ltr'><strong>commotus</strong></span> <span class='ocrx_word' id='word_1_97' title='bbox 1292 1758 1393 1826; x_wconf 86' lang='lat' dir='ltr'><strong>altero</strong></span> 
     </span>
     <span class='ocr_line' id='line_1_13' title="bbox 177 1872 1393 1966; baseline 0.002 -23"><span class='ocrx_word' id='word_1_98' title='bbox 177 1880 312 1944; x_wconf 86' lang='lat' dir='ltr'><strong>stasimo</strong></span> <span class='ocrx_word' id='word_1_99' title='bbox 330 1880 373 1966; x_wconf 83' lang='lat' dir='ltr'><strong>(v.</strong></span> <span class='ocrx_word' id='word_1_100' title='bbox 389 1878 573 1962; x_wconf 78' lang='lat' dir='ltr'><strong>aea-605)</strong></span> <span class='ocrx_word' id='word_1_101' title='bbox 596 1872 713 1966; x_wconf 87' lang='lat' dir='ltr'><strong>chorus</strong></span> <span class='ocrx_word' id='word_1_102' title='bbox 736 1877 867 1943; x_wconf 88' lang='lat' dir='ltr'><strong>domum</strong></span> <span class='ocrx_word' id='word_1_103' title='bbox 885 1874 1020 1944; x_wconf 87' lang='lat' dir='ltr'><strong>Admeti</strong></span> <span class='ocrx_word' id='word_1_104' title='bbox 1035 1874 1191 1943; x_wconf 83' lang='lat' dir='ltr'><strong>laudibus</strong></span> <span class='ocrx_word' id='word_1_105' title='bbox 1214 1879 1393 1964; x_wconf 84' lang='lat' dir='ltr'><strong>praedicat,</strong></span> 
     </span>
     <span class='ocr_line' id='line_1_14' title="bbox 177 1990 1393 2083; baseline 0.001 -21"><span class='ocrx_word' id='word_1_106' title='bbox 177 1998 210 2062; x_wconf 92' lang='lat' dir='ltr'><strong>io</strong></span> <span class='ocrx_word' id='word_1_107' title='bbox 234 2018 296 2082; x_wconf 91' lang='lat' dir='ltr'><strong>qua</strong></span> <span class='ocrx_word' id='word_1_108' title='bbox 321 1997 369 2062; x_wconf 92' lang='lat' dir='ltr'><strong>vel</strong></span> <span class='ocrx_word' id='word_1_109' title='bbox 392 1996 473 2063; x_wconf 91' lang='lat' dir='ltr'><strong>deus</strong></span> <span class='ocrx_word' id='word_1_110' title='bbox 496 1996 693 2063; x_wconf 81' lang='lat' dir='ltr'><strong>domicilium</strong></span> <span class='ocrx_word' id='word_1_111' title='bbox 717 1995 878 2062; x_wconf 86' lang='lat' dir='ltr'><strong>hahuerit.</strong></span> <span class='ocrx_word' id='word_1_112' title='bbox 930 1990 996 2062; x_wconf 88' lang='lat' dir='ltr'><strong>lam</strong></span> <span class='ocrx_word' id='word_1_113' title='bbox 1020 1997 1063 2063; x_wconf 89' lang='lat' dir='ltr'><strong>ad</strong></span> <span class='ocrx_word' id='word_1_114' title='bbox 1086 1997 1185 2062; x_wconf 87' lang='lat' dir='ltr'><strong>innuo</strong></span> <span class='ocrx_word' id='word_1_115' title='bbox 1213 2011 1393 2083; x_wconf 83' lang='lat' dir='ltr'><strong>exsequen·</strong></span> 
     </span>
     <span class='ocr_line' id='line_1_15' title="bbox 177 2112 1463 2213; baseline 0.002 -32"><span class='ocrx_word' id='word_1_116' title='bbox 177 2117 251 2181; x_wconf 92' lang='lat' dir='ltr'><strong>dum</strong></span> <span class='ocrx_word' id='word_1_117' title='bbox 274 2119 434 2186; x_wconf 85' lang='lat' dir='ltr'><strong>Admetus</strong></span> <span class='ocrx_word' id='word_1_118' title='bbox 467 2116 616 2203; x_wconf 83' lang='lat' dir='ltr'><strong>civesque</strong></span> <span class='ocrx_word' id='word_1_119' title='bbox 645 2120 830 2202; x_wconf 87' lang='lat' dir='ltr'><strong>separant,</strong></span> <span class='ocrx_word' id='word_1_120' title='bbox 860 2130 932 2180; x_wconf 88' lang='lat' dir='ltr'><strong>cum</strong></span> <span class='ocrx_word' id='word_1_121' title='bbox 963 2112 1105 2196; x_wconf 86' lang='lat' dir='ltr'><strong>Pheres,</strong></span> <span class='ocrx_word' id='word_1_122' title='bbox 1133 2122 1231 2201; x_wconf 86' lang='lat' dir='ltr'><strong>pater</strong></span> <span class='ocrx_word' id='word_1_123' title='bbox 1250 2114 1392 2197; x_wconf 79' lang='lat' dir='ltr'><strong>Admeti,</strong></span> <span class='ocrx_word' id='word_1_124' title='bbox 1459 2207 1463 2213; x_wconf 90' lang='lat'>.</span> 
     </span>
     <span class='ocr_line' id='line_1_16' title="bbox 175 2233 1392 2322; baseline 0.001 -22"><span class='ocrx_word' id='word_1_125' title='bbox 175 2240 208 2300; x_wconf 90' lang='lat' dir='ltr'><strong>et</strong></span> <span class='ocrx_word' id='word_1_126' title='bbox 220 2236 290 2322; x_wconf 85' lang='lat' dir='ltr'><strong>ipse</strong></span> <span class='ocrx_word' id='word_1_127' title='bbox 305 2237 427 2302; x_wconf 81' lang='lat' dir='ltr'><strong>funeris</strong></span> <span class='ocrx_word' id='word_1_128' title='bbox 440 2255 540 2302; x_wconf 88' lang='lat' dir='ltr'><strong>causa</strong></span> <span class='ocrx_word' id='word_1_129' title='bbox 551 2234 671 2321; x_wconf 79' lang='lat' dir='ltr'><strong>prodit,</strong></span> <span class='ocrx_word' id='word_1_130' title='bbox 685 2253 779 2319; x_wconf 89' lang='lat' dir='ltr'><strong>quem</strong></span> <span class='ocrx_word' id='word_1_131' title='bbox 791 2236 825 2299; x_wconf 92' lang='lat' dir='ltr'><strong>in</strong></span> <span class='ocrx_word' id='word_1_132' title='bbox 839 2241 956 2320; x_wconf 88' lang='lat' dir='ltr'><strong>quarto</strong></span> <span class='ocrx_word' id='word_1_133' title='bbox 968 2233 1117 2320; x_wconf 89' lang='lat' dir='ltr'><strong>episodio</strong></span> <span class='ocrx_word' id='word_1_134' title='bbox 1132 2240 1199 2313; x_wconf 82' lang='lat' dir='ltr'><strong>(vv.</strong></span> <span class='ocrx_word' id='word_1_135' title='bbox 1208 2234 1392 2319; x_wconf 78' lang='lat' dir='ltr'><strong>ooo-tto)</strong></span> 
     </span>
     <span class='ocr_line' id='line_1_17' title="bbox 175 2353 1390 2439; baseline 0.001 -19"><span class='ocrx_word' id='word_1_136' title='bbox 175 2353 334 2422; x_wconf 82' lang='lat' dir='ltr'><strong>Admetus</strong></span> <span class='ocrx_word' id='word_1_137' title='bbox 367 2355 573 2420; x_wconf 85' lang='lat' dir='ltr'><strong>vehementer</strong></span> <span class='ocrx_word' id='word_1_138' title='bbox 601 2353 833 2439; x_wconf 81' lang='lat' dir='ltr'><strong>vituperatum,</strong></span> <span class='ocrx_word' id='word_1_139' title='bbox 869 2354 954 2439; x_wconf 91' lang='lat' dir='ltr'><strong>quod</strong></span> <span class='ocrx_word' id='word_1_140' title='bbox 977 2354 1059 2419; x_wconf 89' lang='lat' dir='ltr'><strong>adeo</strong></span> <span class='ocrx_word' id='word_1_141' title='bbox 1083 2358 1194 2420; x_wconf 84' lang='lat' dir='ltr'><strong>aetate</strong></span> <span class='ocrx_word' id='word_1_142' title='bbox 1215 2358 1390 2438; x_wconf 79' lang='lat' dir='ltr'><strong>prouectus</strong></span> 
     </span>
     <span class='ocr_line' id='line_1_18' title="bbox 176 2471 1391 2560; baseline 0.001 -22"><span class='ocrx_word' id='word_1_143' title='bbox 176 2494 241 2538; x_wconf 91' lang='lat' dir='ltr'><strong>non</strong></span> <span class='ocrx_word' id='word_1_144' title='bbox 265 2475 467 2544; x_wconf 77' lang='lat' dir='ltr'><strong>sustinuerit,</strong></span> <span class='ocrx_word' id='word_1_145' title='bbox 480 2494 540 2560; x_wconf 88' lang='lat' dir='ltr'><strong>pro</strong></span> <span class='ocrx_word' id='word_1_146' title='bbox 554 2472 729 2550; x_wconf 85' lang='lat' dir='ltr'><strong>filiomori‚</strong></span> <span class='ocrx_word' id='word_1_147' title='bbox 751 2473 859 2538; x_wconf 84' lang='lat' dir='ltr'><strong>statim</strong></span> <span class='ocrx_word' id='word_1_148' title='bbox 884 2472 1040 2538; x_wconf 82' lang='lat' dir='ltr'><strong>decedere</strong></span> <span class='ocrx_word' id='word_1_149' title='bbox 1058 2472 1164 2556; x_wconf 79' lang='lat' dir='ltr'><strong>jubet.</strong></span> <span class='ocrx_word' id='word_1_150' title='bbox 1187 2472 1251 2539; x_wconf 83' lang='lat' dir='ltr'><strong>Sed</strong></span> <span class='ocrx_word' id='word_1_151' title='bbox 1273 2471 1391 2541; x_wconf 86' lang='lat' dir='ltr'><strong>Pheres</strong></span> 
     </span>
     <span class='ocr_line' id='line_1_19' title="bbox 176 2589 1390 2679; baseline 0.002 -22"><span class='ocrx_word' id='word_1_152' title='bbox 176 2612 247 2658; x_wconf 89' lang='lat' dir='ltr'><strong>sese</strong></span> <span class='ocrx_word' id='word_1_153' title='bbox 280 2613 407 2679; x_wconf 92' lang='lat' dir='ltr'><strong>quoque</strong></span> <span class='ocrx_word' id='word_1_154' title='bbox 438 2594 536 2658; x_wconf 88' lang='lat' dir='ltr'><strong>vitam</strong></span> <span class='ocrx_word' id='word_1_155' title='bbox 568 2591 704 2674; x_wconf 81' lang='lat' dir='ltr'><strong>diligere</strong></span> <span class='ocrx_word' id='word_1_156' title='bbox 733 2589 902 2676; x_wconf 88' lang='lat' dir='ltr'><strong>professus</strong></span> <span class='ocrx_word' id='word_1_157' title='bbox 933 2590 1077 2657; x_wconf 89' lang='lat' dir='ltr'><strong>ostendit</strong></span> <span class='ocrx_word' id='word_1_158' title='bbox 1109 2591 1211 2657; x_wconf 89' lang='lat' dir='ltr'><strong>filium</strong></span> <span class='ocrx_word' id='word_1_159' title='bbox 1244 2595 1390 2669; x_wconf 83' lang='lat' dir='ltr'><strong>ejusdem</strong></span> 
     </span>
    </p>
   </div>
   <div class='ocr_carea' id='block_1_4' title="bbox 48 2709 1386 2798">
    <p class='ocr_par' dir='ltr' id='par_1_4' title="bbox 48 2709 1386 2798">
     <span class='ocr_line' id='line_1_20' title="bbox 48 2709 1386 2798; baseline 0.001 -22"><span class='ocrx_word' id='word_1_160' title='bbox 48 2790 51 2797; x_wconf 16' lang='lat' dir='ltr'>k</span> <span class='ocrx_word' id='word_1_161' title='bbox 175 2711 323 2792; x_wconf 85' lang='lat' dir='ltr'><strong>ignaviae</strong></span> <span class='ocrx_word' id='word_1_162' title='bbox 346 2731 427 2794; x_wconf 86' lang='lat' dir='ltr'><strong>esse,</strong></span> <span class='ocrx_word' id='word_1_163' title='bbox 450 2732 546 2798; x_wconf 89' lang='lat' dir='ltr'><strong>quam</strong></span> <span class='ocrx_word' id='word_1_164' title='bbox 577 2713 647 2797; x_wconf 90' lang='lat' dir='ltr'><strong>ipse</strong></span> <span class='ocrx_word' id='word_1_165' title='bbox 679 2710 743 2777; x_wconf 90' lang='lat' dir='ltr'><strong>sibi</strong></span> <span class='ocrx_word' id='word_1_166' title='bbox 772 2709 995 2795; x_wconf 84' lang='lat' dir='ltr'><strong>exprobrarit,</strong></span> <span class='ocrx_word' id='word_1_167' title='bbox 1038 2710 1219 2797; x_wconf 88' lang='lat' dir='ltr'><strong>quippequi</strong></span> <span class='ocrx_word' id='word_1_168' title='bbox 1253 2730 1386 2778; x_wconf 79' lang='lat' dir='ltr'><strong>uxorem</strong></span> 
     </span>
    </p>
   </div>
   <div class='ocr_carea' id='block_1_5' title="bbox 165 2829 1428 4593">
    <p class='ocr_par' dir='ltr' id='par_1_5' title="bbox 165 2829 1428 4593">
     <span class='ocr_line' id='line_1_21' title="bbox 174 2829 1387 2916; baseline 0.001 -21"><span class='ocrx_word' id='word_1_169' title='bbox 174 2849 294 2914; x_wconf 90' lang='lat' dir='ltr'><strong>prose</strong></span> <span class='ocrx_word' id='word_1_170' title='bbox 319 2839 454 2896; x_wconf 88' lang='lat' dir='ltr'><strong>mortem</strong></span> <span class='ocrx_word' id='word_1_171' title='bbox 479 2839 631 2916; x_wconf 89' lang='lat' dir='ltr'><strong>oppetere</strong></span> <span class='ocrx_word' id='word_1_172' title='bbox 659 2849 778 2915; x_wconf 84' lang='lat' dir='ltr'><strong>passus</strong></span> <span class='ocrx_word' id='word_1_173' title='bbox 810 2829 863 2895; x_wconf 80' lang='lat' dir='ltr'><strong>sit.</strong></span> <span class='ocrx_word' id='word_1_174' title='bbox 908 2829 1061 2915; x_wconf 84' lang='lat' dir='ltr'><strong>Sequitur</strong></span> <span class='ocrx_word' id='word_1_175' title='bbox 1096 2831 1257 2894; x_wconf 81' lang='lat' dir='ltr'><strong>acerrima</strong></span> <span class='ocrx_word' id='word_1_176' title='bbox 1287 2831 1387 2896; x_wconf 86' lang='lat' dir='ltr'><strong>alter-</strong></span> 
     </span>
     <span class='ocr_line' id='line_1_22' title="bbox 174 2942 1389 3034; baseline 0.001 -21"><span class='ocrx_word' id='word_1_177' title='bbox 174 2949 260 3013; x_wconf 85' lang='lat' dir='ltr'><strong>catio</strong></span> <span class='ocrx_word' id='word_1_178' title='bbox 283 2949 368 3014; x_wconf 90' lang='lat' dir='ltr'><strong>inter</strong></span> <span class='ocrx_word' id='word_1_179' title='bbox 390 2953 518 3034; x_wconf 88' lang='lat' dir='ltr'><strong>patrem</strong></span> <span class='ocrx_word' id='word_1_180' title='bbox 541 2956 574 3014; x_wconf 91' lang='lat' dir='ltr'><strong>et</strong></span> <span class='ocrx_word' id='word_1_181' title='bbox 596 2942 708 3029; x_wconf 86' lang='lat' dir='ltr'><strong>filium,</strong></span> <span class='ocrx_word' id='word_1_182' title='bbox 730 2948 770 3013; x_wconf 89' lang='lat' dir='ltr'><strong>de</strong></span> <span class='ocrx_word' id='word_1_183' title='bbox 794 2966 858 3033; x_wconf 91' lang='lat' dir='ltr'><strong>qua</strong></span> <span class='ocrx_word' id='word_1_184' title='bbox 885 2946 971 3013; x_wconf 84' lang='lat' dir='ltr'><strong>iufra</strong></span> <span class='ocrx_word' id='word_1_185' title='bbox 999 2950 1188 3013; x_wconf 86' lang='lat' dir='ltr'><strong>accuratius</strong></span> <span class='ocrx_word' id='word_1_186' title='bbox 1218 2947 1389 3034; x_wconf 78' lang='lat' dir='ltr'><strong>disputan·</strong></span> 
     </span>
     <span class='ocr_line' id='line_1_23' title="bbox 174 3067 1387 3154; baseline 0.001 -21"><span class='ocrx_word' id='word_1_187' title='bbox 174 3067 250 3133; x_wconf 91' lang='lat' dir='ltr'><strong>dum</strong></span> <span class='ocrx_word' id='word_1_188' title='bbox 273 3069 337 3133; x_wconf 87' lang='lat' dir='ltr'><strong>erit</strong></span> <span class='ocrx_word' id='word_1_189' title='bbox 391 3068 472 3134; x_wconf 88' lang='lat' dir='ltr'><strong>Tum</strong></span> <span class='ocrx_word' id='word_1_190' title='bbox 495 3087 593 3134; x_wconf 83' lang='lat' dir='ltr'><strong>senex</strong></span> <span class='ocrx_word' id='word_1_191' title='bbox 623 3067 709 3149; x_wconf 87' lang='lat' dir='ltr'><strong>abit,</strong></span> <span class='ocrx_word' id='word_1_192' title='bbox 743 3085 801 3134; x_wconf 89' lang='lat' dir='ltr'><strong>nec</strong></span> <span class='ocrx_word' id='word_1_193' title='bbox 832 3067 936 3132; x_wconf 91' lang='lat' dir='ltr'><strong>multo</strong></span> <span class='ocrx_word' id='word_1_194' title='bbox 965 3073 1042 3152; x_wconf 89' lang='lat' dir='ltr'><strong>post</strong></span> <span class='ocrx_word' id='word_1_195' title='bbox 1071 3068 1231 3133; x_wconf 77' lang='lat' dir='ltr'><strong>Admetus</strong></span> <span class='ocrx_word' id='word_1_196' title='bbox 1259 3086 1387 3154; x_wconf 85' lang='lat' dir='ltr'><strong>quoque</strong></span> 
     </span>
     <span class='ocr_line' id='line_1_24' title="bbox 174 3180 1387 3275; baseline 0.002 -25"><span class='ocrx_word' id='word_1_197' title='bbox 174 3204 248 3250; x_wconf 91' lang='lat' dir='ltr'><strong>cum</strong></span> <span class='ocrx_word' id='word_1_198' title='bbox 266 3180 379 3251; x_wconf 80' lang='lat' dir='ltr'><strong>lohere</strong></span> <span class='ocrx_word' id='word_1_199' title='bbox 403 3205 553 3252; x_wconf 88' lang='lat' dir='ltr'><strong>scaenam</strong></span> <span class='ocrx_word' id='word_1_200' title='bbox 578 3186 739 3273; x_wconf 86' lang='lat' dir='ltr'><strong>relinquit.</strong></span> <span class='ocrx_word' id='word_1_201' title='bbox 784 3184 852 3250; x_wconf 90' lang='lat' dir='ltr'><strong>lam</strong></span> <span class='ocrx_word' id='word_1_202' title='bbox 875 3204 987 3251; x_wconf 90' lang='lat' dir='ltr'><strong>servus</strong></span> <span class='ocrx_word' id='word_1_203' title='bbox 1009 3184 1138 3269; x_wconf 84' lang='lat' dir='ltr'><strong>prodit,</strong></span> <span class='ocrx_word' id='word_1_204' title='bbox 1168 3187 1221 3272; x_wconf 93' lang='lat' dir='ltr'><strong>qui</strong></span> <span class='ocrx_word' id='word_1_205' title='bbox 1254 3186 1287 3251; x_wconf 89' lang='lat' dir='ltr'><strong>in</strong></span> <span class='ocrx_word' id='word_1_206' title='bbox 1317 3188 1387 3275; x_wconf 82' lang='lat' dir='ltr'><strong>epi-</strong></span> 
     </span>
     <span class='ocr_line' id='line_1_25' title="bbox 171 3295 1386 3392; baseline 0.002 -22"><span class='ocrx_word' id='word_1_207' title='bbox 171 3306 262 3371; x_wconf 89' lang='lat' dir='ltr'><strong>sodio</strong></span> <span class='ocrx_word' id='word_1_208' title='bbox 286 3306 398 3390; x_wconf 89' lang='lat' dir='ltr'><strong>quinto</strong></span> <span class='ocrx_word' id='word_1_209' title='bbox 422 3305 465 3392; x_wconf 88' lang='lat' dir='ltr'><strong>(r.</strong></span> <span class='ocrx_word' id='word_1_210' title='bbox 478 3304 663 3391; x_wconf 72' lang='lat' dir='ltr'><strong>tet-860)</strong></span> <span class='ocrx_word' id='word_1_211' title='bbox 685 3304 940 3386; x_wconf 82' lang='lat' dir='ltr'><strong>indignationem</strong></span> <span class='ocrx_word' id='word_1_212' title='bbox 964 3324 1056 3369; x_wconf 91' lang='lat' dir='ltr'><strong>suam</strong></span> <span class='ocrx_word' id='word_1_213' title='bbox 1070 3295 1278 3391; x_wconf 77' lang='lat' dir='ltr'><strong>pronuntiat,</strong></span> <span class='ocrx_word' id='word_1_214' title='bbox 1299 3308 1386 3392; x_wconf 88' lang='lat' dir='ltr'><strong>quod</strong></span> 
     </span>
     <span class='ocr_line' id='line_1_26' title="bbox 169 3413 1381 3503; baseline 0.001 -14"><span class='ocrx_word' id='word_1_215' title='bbox 169 3422 325 3490; x_wconf 89' lang='lat' dir='ltr'><strong>Hercules</strong></span> <span class='ocrx_word' id='word_1_216' title='bbox 348 3426 382 3489; x_wconf 91' lang='lat' dir='ltr'><strong>in</strong></span> <span class='ocrx_word' id='word_1_217' title='bbox 402 3431 492 3491; x_wconf 89' lang='lat' dir='ltr'><strong>tanto</strong></span> <span class='ocrx_word' id='word_1_218' title='bbox 514 3423 604 3490; x_wconf 90' lang='lat' dir='ltr'><strong>luctu</strong></span> <span class='ocrx_word' id='word_1_219' title='bbox 626 3445 690 3489; x_wconf 90' lang='lat' dir='ltr'><strong>non</strong></span> <span class='ocrx_word' id='word_1_220' title='bbox 713 3424 808 3489; x_wconf 90' lang='lat' dir='ltr'><strong>modo</strong></span> <span class='ocrx_word' id='word_1_221' title='bbox 831 3413 1034 3503; x_wconf 86' lang='lat' dir='ltr'><strong>remanserit,</strong></span> <span class='ocrx_word' id='word_1_222' title='bbox 1057 3424 1116 3488; x_wconf 92' lang='lat' dir='ltr'><strong>sed</strong></span> <span class='ocrx_word' id='word_1_223' title='bbox 1139 3423 1238 3489; x_wconf 88' lang='lat' dir='ltr'><strong>etiam</strong></span> <span class='ocrx_word' id='word_1_224' title='bbox 1266 3427 1381 3491; x_wconf 91' lang='lat' dir='ltr'><strong>immo·</strong></span> 
     </span>
     <span class='ocr_line' id='line_1_27' title="bbox 171 3540 1383 3630; baseline 0.001 -22"><span class='ocrx_word' id='word_1_225' title='bbox 171 3541 261 3608; x_wconf 88' lang='lat' dir='ltr'><strong>deste</strong></span> <span class='ocrx_word' id='word_1_226' title='bbox 283 3544 386 3609; x_wconf 90' lang='lat' dir='ltr'><strong>ederit</strong></span> <span class='ocrx_word' id='word_1_227' title='bbox 409 3550 505 3630; x_wconf 90' lang='lat' dir='ltr'><strong>atque</strong></span> <span class='ocrx_word' id='word_1_228' title='bbox 528 3543 656 3621; x_wconf 84' lang='lat' dir='ltr'><strong>biberit,</strong></span> <span class='ocrx_word' id='word_1_229' title='bbox 678 3562 773 3627; x_wconf 91' lang='lat' dir='ltr'><strong>quem</strong></span> <span class='ocrx_word' id='word_1_230' title='bbox 785 3540 940 3607; x_wconf 87' lang='lat' dir='ltr'><strong>Hercules</strong></span> <span class='ocrx_word' id='word_1_231' title='bbox 962 3543 1043 3628; x_wconf 88' lang='lat' dir='ltr'><strong>ipse,</strong></span> <span class='ocrx_word' id='word_1_232' title='bbox 1068 3550 1245 3609; x_wconf 87' lang='lat' dir='ltr'><strong>coronatus</strong></span> <span class='ocrx_word' id='word_1_233' title='bbox 1260 3544 1383 3610; x_wconf 88' lang='lat' dir='ltr'><strong>edomo</strong></span> 
     </span>
     <span class='ocr_line' id='line_1_28' title="bbox 170 3654 1383 3746; baseline 0.002 -20"><span class='ocrx_word' id='word_1_234' title='bbox 170 3680 329 3742; x_wconf 85' lang='lat' dir='ltr'><strong>egressus,</strong></span> <span class='ocrx_word' id='word_1_235' title='bbox 353 3662 447 3728; x_wconf 87' lang='lat' dir='ltr'><strong>docet</strong></span> <span class='ocrx_word' id='word_1_236' title='bbox 476 3654 545 3728; x_wconf 86' lang='lat' dir='ltr'><strong>vita</strong></span> <span class='ocrx_word' id='word_1_237' title='bbox 572 3661 744 3729; x_wconf 86' lang='lat' dir='ltr'><strong>fruendum</strong></span> <span class='ocrx_word' id='word_1_238' title='bbox 772 3679 860 3740; x_wconf 87' lang='lat' dir='ltr'><strong>esse,</strong></span> <span class='ocrx_word' id='word_1_239' title='bbox 901 3661 1004 3726; x_wconf 85' lang='lat' dir='ltr'><strong>donec</strong></span> <span class='ocrx_word' id='word_1_240' title='bbox 1033 3661 1211 3746; x_wconf 84' lang='lat' dir='ltr'><strong>possimus.</strong></span> <span class='ocrx_word' id='word_1_241' title='bbox 1256 3662 1383 3728; x_wconf 82' lang='lat' dir='ltr'><strong>Certior</strong></span> 
     </span>
     <span class='ocr_line' id='line_1_29' title="bbox 169 3778 1428 3866; baseline 0.003 -23"><span class='ocrx_word' id='word_1_242' title='bbox 169 3789 281 3844; x_wconf 90' lang='lat' dir='ltr'><strong>tamen</strong></span> <span class='ocrx_word' id='word_1_243' title='bbox 302 3781 421 3860; x_wconf 82' lang='lat' dir='ltr'><strong>factus,</strong></span> <span class='ocrx_word' id='word_1_244' title='bbox 443 3778 591 3847; x_wconf 83' lang='lat' dir='ltr'><strong>Alcestin</strong></span> <span class='ocrx_word' id='word_1_245' title='bbox 613 3780 719 3865; x_wconf 84' lang='lat' dir='ltr'><strong>ipsam</strong></span> <span class='ocrx_word' id='word_1_246' title='bbox 743 3785 904 3845; x_wconf 87' lang='lat' dir='ltr'><strong>mortuam</strong></span> <span class='ocrx_word' id='word_1_247' title='bbox 926 3799 1010 3853; x_wconf 81' lang='lat' dir='ltr'><strong>esse,</strong></span> <span class='ocrx_word' id='word_1_248' title='bbox 1030 3782 1129 3866; x_wconf 90' lang='lat' dir='ltr'><strong>quasi</strong></span> <span class='ocrx_word' id='word_1_249' title='bbox 1142 3782 1300 3846; x_wconf 89' lang='lat' dir='ltr'><strong>attonitus</strong></span> <span class='ocrx_word' id='word_1_250' title='bbox 1318 3790 1384 3848; x_wconf 85' lang='lat' dir='ltr'><strong>sta-</strong></span> <span class='ocrx_word' id='word_1_251' title='bbox 1415 3848 1428 3863; x_wconf 74' lang='lat'>‚</span> 
     </span>
     <span class='ocr_line' id='line_1_30' title="bbox 169 3897 1383 3986; baseline 0.004 -25"><span class='ocrx_word' id='word_1_252' title='bbox 169 3898 229 3962; x_wconf 92' lang='lat' dir='ltr'><strong>tim</strong></span> <span class='ocrx_word' id='word_1_253' title='bbox 253 3916 372 3962; x_wconf 89' lang='lat' dir='ltr'><strong>corona</strong></span> <span class='ocrx_word' id='word_1_254' title='bbox 393 3898 543 3986; x_wconf 86' lang='lat' dir='ltr'><strong>deposita</strong></span> <span class='ocrx_word' id='word_1_255' title='bbox 565 3898 643 3981; x_wconf 87' lang='lat' dir='ltr'><strong>abit,</strong></span> <span class='ocrx_word' id='word_1_256' title='bbox 666 3903 711 3975; x_wconf 92' lang='lat' dir='ltr'><strong>ut,</strong></span> <span class='ocrx_word' id='word_1_257' title='bbox 734 3900 763 3963; x_wconf 88' lang='lat' dir='ltr'><strong>si</strong></span> <span class='ocrx_word' id='word_1_258' title='bbox 794 3897 913 3983; x_wconf 85' lang='lat' dir='ltr'><strong>possit,</strong></span> <span class='ocrx_word' id='word_1_259' title='bbox 943 3898 1026 3965; x_wconf 87' lang='lat' dir='ltr'><strong>Orco</strong></span> <span class='ocrx_word' id='word_1_260' title='bbox 1060 3903 1223 3964; x_wconf 89' lang='lat' dir='ltr'><strong>mortuam</strong></span> <span class='ocrx_word' id='word_1_261' title='bbox 1246 3899 1383 3985; x_wconf 80' lang='lat' dir='ltr'><strong>eripiat.</strong></span> 
     </span>
     <span class='ocr_line' id='line_1_31' title="bbox 169 4014 1382 4109; baseline 0.004 -28"><span class='ocrx_word' id='word_1_262' title='bbox 169 4014 298 4082; x_wconf 88' lang='lat' dir='ltr'><strong>Interea</strong></span> <span class='ocrx_word' id='word_1_263' title='bbox 320 4016 488 4084; x_wconf 85' lang='lat' dir='ltr'><strong>Alcestide·</strong></span> <span class='ocrx_word' id='word_1_264' title='bbox 505 4017 633 4105; x_wconf 85' lang='lat' dir='ltr'><strong>sepulta</strong></span> <span class='ocrx_word' id='word_1_265' title='bbox 655 4018 816 4084; x_wconf 85' lang='lat' dir='ltr'><strong>Admetus</strong></span> <span class='ocrx_word' id='word_1_266' title='bbox 839 4018 944 4084; x_wconf 87' lang='lat' dir='ltr'><strong>rediit.</strong></span> <span class='ocrx_word' id='word_1_267' title='bbox 967 4034 1096 4083; x_wconf 80' lang='lat' dir='ltr'><strong>summo</strong></span> <span class='ocrx_word' id='word_1_268' title='bbox 1118 4018 1270 4109; x_wconf 86' lang='lat' dir='ltr'><strong>nimirum</strong></span> <span class='ocrx_word' id='word_1_269' title='bbox 1295 4037 1382 4086; x_wconf 72' lang='lat' dir='ltr'><strong>maa</strong></span> 
     </span>
     <span class='ocr_line' id='line_1_32' title="bbox 167 4130 1381 4224; baseline 0.003 -24"><span class='ocrx_word' id='word_1_270' title='bbox 167 4155 241 4202; x_wconf 90' lang='lat' dir='ltr'><strong>rore</strong></span> <span class='ocrx_word' id='word_1_271' title='bbox 264 4141 455 4216; x_wconf 86' lang='lat' dir='ltr'><strong>commotus,</strong></span> <span class='ocrx_word' id='word_1_272' title='bbox 478 4158 572 4224; x_wconf 91' lang='lat' dir='ltr'><strong>quem</strong></span> <span class='ocrx_word' id='word_1_273' title='bbox 595 4137 777 4223; x_wconf 89' lang='lat' dir='ltr'><strong>insequenti</strong></span> <span class='ocrx_word' id='word_1_274' title='bbox 800 4137 931 4202; x_wconf 88' lang='lat' dir='ltr'><strong>kommo</strong></span> <span class='ocrx_word' id='word_1_275' title='bbox 954 4130 1018 4220; x_wconf 76' lang='lat' dir='ltr'><strong>(ur.</strong></span> <span class='ocrx_word' id='word_1_276' title='bbox 1043 4136 1241 4215; x_wconf 80' lang='lat' dir='ltr'><strong>ael-933)</strong></span> <span class='ocrx_word' id='word_1_277' title='bbox 1262 4134 1381 4204; x_wconf 76' lang='lat' dir='ltr'><strong>chorus</strong></span> 
     </span>
     <span class='ocr_line' id='line_1_33' title="bbox 166 4254 1382 4335; baseline 0.002 -16"><span class='ocrx_word' id='word_1_278' title='bbox 166 4255 288 4320; x_wconf 85' lang='lat' dir='ltr'><strong>frustra</strong></span> <span class='ocrx_word' id='word_1_279' title='bbox 310 4255 473 4322; x_wconf 89' lang='lat' dir='ltr'><strong>consolari</strong></span> <span class='ocrx_word' id='word_1_280' title='bbox 502 4263 654 4335; x_wconf 83' lang='lat' dir='ltr'><strong>conatur3</strong></span> <span class='ocrx_word' id='word_1_281' title='bbox 687 4255 847 4322; x_wconf 86' lang='lat' dir='ltr'><strong>Admetus</strong></span> <span class='ocrx_word' id='word_1_282' title='bbox 879 4259 963 4323; x_wconf 91' lang='lat' dir='ltr'><strong>enim</strong></span> <span class='ocrx_word' id='word_1_283' title='bbox 994 4258 1028 4323; x_wconf 91' lang='lat' dir='ltr'><strong>iu</strong></span> <span class='ocrx_word' id='word_1_284' title='bbox 1059 4254 1251 4322; x_wconf 82' lang='lat' dir='ltr'><strong>condicione</strong></span> <span class='ocrx_word' id='word_1_285' title='bbox 1280 4255 1382 4323; x_wconf 91' lang='lat' dir='ltr'><strong>multo</strong></span> 
     </span>
     <span class='ocr_line' id='line_1_34' title="bbox 165 4374 1382 4463; baseline 0.002 -25"><span class='ocrx_word' id='word_1_286' title='bbox 165 4374 274 4459; x_wconf 90' lang='lat' dir='ltr'><strong>pejore</strong></span> <span class='ocrx_word' id='word_1_287' title='bbox 297 4375 420 4442; x_wconf 82' lang='lat' dir='ltr'><strong>versari</strong></span> <span class='ocrx_word' id='word_1_288' title='bbox 444 4394 540 4463; x_wconf 89' lang='lat' dir='ltr'><strong>quam</strong></span> <span class='ocrx_word' id='word_1_289' title='bbox 562 4374 635 4461; x_wconf 87' lang='lat' dir='ltr'><strong>ipsa</strong></span> <span class='ocrx_word' id='word_1_290' title='bbox 656 4395 739 4440; x_wconf 81' lang='lat' dir='ltr'><strong>uxor</strong></span> <span class='ocrx_word' id='word_1_291' title='bbox 759 4376 822 4441; x_wconf 85' lang='lat' dir='ltr'><strong>sibi</strong></span> <span class='ocrx_word' id='word_1_292' title='bbox 856 4377 944 4442; x_wconf 90' lang='lat' dir='ltr'><strong>visus</strong></span> <span class='ocrx_word' id='word_1_293' title='bbox 976 4374 1184 4441; x_wconf 81' lang='lat' dir='ltr'><strong>vehementer</strong></span> <span class='ocrx_word' id='word_1_294' title='bbox 1214 4374 1382 4440; x_wconf 84' lang='lat' dir='ltr'><strong>fortunam</strong></span> 
     </span>
     <span class='ocr_line' id='line_1_35' title="bbox 168 4491 1382 4593; baseline 0.002 -37"><span class='ocrx_word' id='word_1_295' title='bbox 168 4513 258 4559; x_wconf 88' lang='lat' dir='ltr'><strong>suam</strong></span> <span class='ocrx_word' id='word_1_296' title='bbox 282 4493 492 4580; x_wconf 86' lang='lat' dir='ltr'><strong>conqueritur</strong></span> <span class='ocrx_word' id='word_1_297' title='bbox 513 4493 796 4593; x_wconf 38' lang='lat' dir='ltr'><strong>(mutilet-961),</strong></span> <span class='ocrx_word' id='word_1_298' title='bbox 821 4510 885 4579; x_wconf 88' lang='lat' dir='ltr'><strong>qua</strong></span> <span class='ocrx_word' id='word_1_299' title='bbox 906 4506 942 4559; x_wconf 86' lang='lat' dir='ltr'><strong>re</strong></span> <span class='ocrx_word' id='word_1_300' title='bbox 972 4492 1133 4578; x_wconf 85' lang='lat' dir='ltr'><strong>impulsus</strong></span> <span class='ocrx_word' id='word_1_301' title='bbox 1164 4491 1281 4557; x_wconf 89' lang='lat' dir='ltr'><strong>chorus</strong></span> <span class='ocrx_word' id='word_1_302' title='bbox 1315 4497 1382 4558; x_wconf 85' lang='lat' dir='ltr'><strong>ter·</strong></span> 
     </span>
    </p>
   </div>
   <div class='ocr_carea' id='block_1_6' title="bbox 0 0 1610 4914">
    <p class='ocr_par' dir='ltr' id='par_1_6' title="bbox 0 0 1610 4914">
     <span class='ocr_line' id='line_1_36' title="bbox 0 0 1610 4914; baseline 0 5"><span class='ocrx_word' id='word_1_303' title='bbox 0 0 1610 4914; x_wconf 95' lang='lat' dir='ltr'><strong> </strong></span> 
     </span>
    </p>
   </div>
  </div>
 </body>
</html>
