3210 4914
606 381 898 446 ..27-

150 569 224 617 nem
246 571 312 617 rem
340 571 405 619 una
434 550 604 634 tragoedia
637 550 968 637 comprehendendam
994 552 1168 636 putavisse,
1198 548 1352 632 qrrouiam

151 667 212 735 hoc
225 679 445 754 argumentum
457 671 580 737 duabus
599 671 760 737 continuis
783 671 957 754 tragoediis
979 689 1141 756 exponere
1164 666 1356 755 perdifficile

153 786 261 854 fuerit.

236 904 317 984 Quid
340 927 416 972 vero
438 907 542 973 dicam
566 908 606 973 de
628 907 850 1007 misericordia
871 909 980 992 inique
1011 906 1051 971 dc
1081 911 1180 978 motu,
1203 923 1264 990 quo
1286 908 1356 969 tra-

152 1026 286 1107 goediae
321 1044 491 1112 personam
530 1026 667 1113 primum
703 1045 764 1093 noe
801 1044 1004 1092 commovere
1033 1029 1211 1111 oportet-
1244 1022 1357 1108 nequit

154 1143 239 1209 enim
263 1140 283 1228 ἡ
307 1142 500 1231 περιπέτειαι
523 1165 724 1211 commovere
748 1146 809 1209 nisi
835 1160 1046 1228 personarum
1080 1144 1176 1210 rebus
1200 1142 1354 1209 secundis

154 1268 211 1327 aut
237 1263 446 1328 adversis-
493 1264 576 1330 Num
605 1263 714 1343 iuitur>
735 1263 892 1328 Admetus
925 1280 984 1329 nos
1023 1254 1355 1346 commovetiffiNam
1400 1257 1403 1263 ’

144 1379 309 1476 ,Alcestidi
334 1385 452 1466 primas
474 1388 593 1469 partes,
616 1401 809 1466 quamquam
835 1381 874 1447 ab
898 1400 936 1446 ea
963 1380 1076 1446 fabula
1102 1400 1219 1445 nomen
1240 1379 1353 1450 traxit,

154 1517 217 1563 noo
240 1500 388 1566 existimo
410 1500 599 1567 tribuendas
621 1520 701 1572 esse.
725 1506 835 1586 utpote
853 1519 934 1586 quae
956 1500 991 1566 io
1013 1500 1120 1585 priore
1138 1499 1205 1582 jam
1224 1495 1354 1562 fabulae

155 1624 246 1701 parto
267 1616 354 1683 haud
375 1621 422 1685 ita
443 1619 544 1684 multa
565 1620 694 1685 elocuta
715 1639 868 1685 scaenam
899 1618 1073 1704 relinquat.
1118 1618 1161 1683 At
1189 1617 1229 1682 de
1258 1614 1356 1681 ulee-

155 1737 251 1816 stide‚
274 1737 362 1804 dicet
383 1740 553 1825 quispiam.
577 1745 646 1805 lota
668 1759 718 1804 res
748 1746 816 1817 est,
854 1739 1025 1825 omniaque
1048 1757 1129 1824 quae
1151 1738 1301 1804 dicuntur
1324 1739 1358 1800 et

156 1864 307 1938 aguntur,
329 1859 369 1922 ad
392 1877 461 1923 eam
484 1859 688 1943 potissimum
715 1865 870 1945 spectant.
915 1857 1016 1923 Recte
1040 1859 1183 1941 euclidem!
1225 1855 1357 1922 sedvel

157 1974 188 2038 in
212 1977 328 2039 mortui
351 1975 489 2058 alicujus
511 1984 598 2043 sorte
619 1977 729 2044 fabula
752 1980 869 2044 cesari
896 1983 1000 2063 polest
1031 1997 1133 2059 noue
1164 1976 1235 2041 ideo
1268 1995 1356 2039 mor·

156 2096 232 2158 tuus
254 2091 307 2157 ille
330 2093 433 2178 prima
462 2093 590 2161 fabulae
617 2117 756 2182 persono
784 2096 997 2183 appellandus
1028 2103 1086 2160 est.
1130 2093 1238 2172 Quid?
1269 2092 1356 2180 qood

156 2208 189 2274 iu
215 2212 378 2293 Antigona
407 2213 445 2279 de
479 2212 638 2299 Polynicis
674 2233 808 2299 corpore
849 2215 1007 2280 humando
1037 2218 1108 2278 tota
1139 2214 1356 2293 resuagitorr

158 2327 250 2406 Quod
274 2350 313 2394 ne
335 2330 524 2415 sepeliretur
546 2353 619 2397 cum
640 2332 742 2398 Creon
766 2334 974 2418 imperasset,
1009 2332 1099 2414 virgo
1131 2336 1239 2396 autem
1262 2351 1356 2416 prae-

156 2446 339 2512 clarissima
360 2450 428 2530 regi
449 2451 600 2515 resistere
621 2469 702 2515 ausa
724 2460 820 2519 esset,
843 2453 876 2515 in
900 2451 959 2516 hac
980 2451 1053 2535 ipsa
1074 2469 1108 2514 re
1140 2446 1161 2533 ἡ
1193 2447 1305 2534 πλοκή
1337 2469 1358 2514 a

156 2570 253 2651 poeta
272 2566 431 2632 instructa
450 2574 510 2634 est.
554 2568 679 2634 Eodem
700 2569 795 2634 modo
825 2570 1002 2637 Alcestidls
1031 2588 1118 2633 mors
1151 2571 1254 2653 primo
1285 2567 1355 2633 loo'o

157 2687 263 2771 posita
285 2689 354 2769 est,
384 2685 542 2752 Alcestidi
571 2689 632 2774 ipsi
663 2708 727 2752 non
756 2688 946 2754 tribuendae
974 2694 1052 2753 sunt
1080 2666 1203 2772 primae
1233 2692 1354 2772 partes,

156 2801 333 2884 Fingamus
355 2806 450 2884 enim,
472 2804 627 2884 Alcestin,
650 2808 681 2872 id
705 2809 790 2892 quod
812 2806 965 2872 facillime
986 2813 1083 2891 poeta
1098 2806 1224 2871 eiicere
1242 2806 1357 2889 potuit,

156 2920 250 2987 initio
274 2922 401 2987 subulae
420 2923 489 3004 jam
511 2929 672 2989 mortuum
695 2944 775 3006 esse,
798 2947 870 2990 num
890 2926 1057 2994 etiamtum
1080 2924 1219 3010 pimam
1244 2918 1357 3008 perso·

156 3060 230 3104 nam
255 3059 324 3104 eam
346 3039 487 3106 loturam
510 3042 609 3108 luisse
631 3043 856 3109 censebimus?
900 3042 1013 3128 Itaque
1036 3063 1101 3109 non
1131 3042 1259 3121 dubito,
1289 3042 1357 3108 Ad-

157 3164 243 3224 meto
274 3159 396 3243 primas
425 3164 534 3245 portes
562 3160 714 3226 tribuere.
757 3162 956 3226 Admetusue
995 3161 1095 3244 igitur
1134 3160 1358 3227 misericordia

159 3276 275 3358 dignus
297 3282 368 3342 est?
419 3277 651 3359 Dignissimum
687 3298 758 3344 esse
787 3278 1006 3345 Firnhaberus
1039 3252 1205 3346 contendit
1239 3279 1360 3366 quippe

157 3394 304 3476 ignarum
327 3397 438 3459 uxoris
468 3395 604 3462 consilii.
648 3397 711 3463 Sed
740 3399 888 3483 quonium
921 3405 1016 3462 antea
1040 3397 1111 3482 jam
1140 3399 1359 3484 exposuimus,

159 3512 241 3578 hauc
262 3512 444 3598 opinionem
467 3533 599 3599 prorsus
622 3515 814 3580 reiciendum
837 3535 917 3591 esse,
941 3516 1029 3580 nullo
1052 3518 1147 3581 modo
1171 3535 1244 3581 eum
1262 3515 1359 3580 mise·

156 3633 299 3696 ricordia
320 3630 452 3713 dignum
475 3652 545 3698 esse
563 3634 790 3716 judicabimus.
835 3633 904 3699 Nec
925 3634 996 3700 fore
1028 3654 1222 3720 quemquam
1250 3635 1359 3716 credo,

158 3767 253 3834 quem
278 3748 414 3814 hominis
438 3755 506 3815 tum
528 3752 635 3833 ignavi
666 3754 827 3818 misereat.
872 3752 992 3817 Tamen
1028 3774 1066 3818 ne
1101 3755 1251 3839 opinione
1281 3747 1359 3818 'ante

157 3874 278 3934 temere
299 3880 455 3955 concepta
472 3868 619 3953 judicare
642 3872 762 3941 videar,
785 3870 920 3936 eundem
941 3871 1150 3936 Aristotelem
1174 3869 1282 3949 affero,
1305 3871 1359 3956 qui

161 3986 203 4074 (c.
228 3987 279 4061 13)
301 3984 380 4052 haec
402 3987 498 4054 dicit:
529 3987 544 4052 ὁ
569 3988 628 4075 μὲν
653 3996 712 4074 (sc.
734 3984 837 4064 ἔλεος)
859 3984 921 4075 γὰρ
944 3984 1016 4075 περὶ
1039 3984 1096 4052 τὸν
1122 3985 1264 4076 ᾳῖνοίξιόν
1287 3985 1357 4053 ἐστι

161 4104 407 4192 δυστυχοῦντα.
443 4108 527 4173 Num
549 4109 646 4191 igitur
667 4127 741 4173 eum
764 4106 924 4171 immerito
946 4107 980 4170 in
1002 4107 1132 4171 miseria
1154 4107 1277 4172 versari
1298 4125 1358 4190 pu·

156 4231 218 4297 tas,
241 4226 295 4311 qui
318 4243 449 4291 uxorem
472 4246 543 4292 cum
567 4245 695 4290 servare
717 4225 831 4290 liceret
852 4225 921 4308 ipse
943 4224 977 4287 io
1006 4230 1144 4289 mortem
1178 4222 1357 4309 compulit?

158 4341 219 4420 Qui
240 4344 268 4409 si
290 4348 427 4409 mortem
448 4344 576 4409 fortiter
598 4344 747 4417 subisset,
765 4343 837 4428 jore
858 4343 1083 4408 misericordia
1105 4342 1222 4424 dignus
1254 4350 1358 4421 esset;

159 4478 230 4524 oum
252 4460 367 4542 ignave
388 4481 458 4537 eam
482 4457 611 4543 fugerit,
634 4467 685 4529 est
706 4460 960 4543 indignissimus.
