3210 4914
170 578 408 642 commoveatur
428 578 523 649 metu,
545 592 585 638 ne
606 573 694 638 fama
714 573 775 639 sibi
806 576 959 638 nascatur
990 591 1055 637 non
1076 571 1123 638 ita
1144 570 1246 649 bona3
1275 572 1364 639 ¹cives

168 693 251 760 enim
274 691 450 759 malevolos
471 691 518 757 sio
540 690 703 757 locuturos
727 711 797 757 esse
819 693 881 757 ait:

206 831 210 837 ¹
313 845 382 910 idcir
405 843 465 910 τόν
489 846 635 933 αἰσχρῶς
657 842 767 933 ζῶνθ’,
793 841 827 923 ὃς
849 836 910 909 οὐκ
935 840 1014 933 ἔτλη
1039 844 1164 916 θανεῖν,

232 950 237 967 x
314 961 392 1027 ἀλλ’
415 959 453 1051 ἣν
477 959 595 1052 ἔγημεν
618 958 760 1040 &aaronita
782 963 924 1050 ἀψυχίᾳ

347 1083 355 1101 ι
495 1079 510 1104 eo
676 1070 688 1105 3
714 1088 721 1112 ,
750 1083 758 1106 s
785 1079 793 1102 s
864 1076 879 1109 τ
1026 1085 1042 1102 u

315 1085 481 1169 πεφευγεν
514 1083 620 1170 Ardae.
645 1107 713 1171 apr
743 1108 823 1172 capp
847 1108 929 1147 ειναι
952 1082 1058 1162 donau

144 1307 153 1324 Ι
247 1235 357 1324 ltaque
379 1244 507 1324 praeter
536 1237 751 1303 calamitatem
782 1238 878 1303 etiarn
910 1238 1027 1304 malam
1059 1239 1182 1303 lamam
1203 1238 1264 1304 sibi
1286 1238 1366 1317 fore3

168 1357 243 1444 quid
265 1358 363 1438 igitur
384 1356 446 1422 sibi
470 1356 622 1437 expedire
646 1357 778 1421 vivere?
801 1356 843 1422 ad
866 1376 948 1442 quae
971 1377 1042 1422 oum
1066 1355 1182 1422 chorus
1214 1357 1292 1423 nihil
1315 1377 1368 1423 re·

168 1474 337 1560 spondeat,
360 1493 400 1539 er
413 1474 483 1561 ipso
500 1475 630 1539 silentio
641 1475 788 1568 concludi
804 1481 921 1560 potest,
944 1494 1015 1539 eum
1027 1474 1163 1540 similem
1182 1476 1367 1560 opinionem

167 1596 207 1660 de
229 1612 301 1674 rege
325 1592 448 1660 habere.
491 1592 706 1674 Injustissime
728 1613 804 1675 ergo
836 1593 982 1689 nonnulli
1004 1600 1145 1676 censent,
1177 1598 1302 1660 veteres
1325 1595 1365 1660 de

168 1712 342 1778 virtutibus
365 1719 398 1777 et
420 1700 507 1777 vitiis
529 1696 609 1776 adeo
632 1711 697 1776 alia
718 1713 867 1792 sensisse,
897 1720 932 1777 ut
954 1732 1026 1778 eum
1049 1712 1162 1789 virum,
1196 1713 1286 1795 cojtrs
1309 1734 1366 1780 uos

169 1833 298 1899 taedeat
318 1849 448 1895 necesse
471 1837 530 1910 est,
552 1833 681 1896 omnino
703 1850 767 1894 non
789 1830 1012 1913 intellegerent
1042 1830 1194 1912 ignavum
1216 1850 1251 1898 se
1275 1851 1367 1917 prae·

171 1950 289 2016 buissc.
930 2012 931 2015 ,

255 2067 320 2134 Sed
341 2088 404 2132 non
427 2066 533 2148 modo,
555 2072 590 2133 ut
612 2066 758 2143 vidimus,
781 2067 930 2131 excusari
952 2069 1062 2152 nequit
1082 2068 1211 2150 ignavia
1226 2067 1370 2151 Admeti

170 2207 283 2254 verum
306 2186 405 2254 molto
427 2187 463 2250 fit
485 2188 628 2273 perosior
651 2185 733 2262 aliis,
756 2186 871 2270 qrribus
895 2186 1027 2252 alicuius
1050 2192 1110 2266 est,
1142 2187 1238 2252 vitiis.
1283 2188 1370 2267 Quo-

170 2327 241 2372 rum
263 2326 361 2372 unum
380 2305 447 2388 jam
462 2309 795 2371 commemoravimus.
821 2307 1068 2370 ostentationem
1085 2306 1156 2369 dico
1175 2309 1208 2370 et
1218 2305 1373 2387 jactatio-

173 2445 247 2490 nem
263 2425 382 2488 amoris
405 2428 453 2487 sui
476 2441 553 2503 erga
575 2441 718 2486 uxorem.
741 2422 784 2487 Ut
806 2422 1019 2487 concedamus
1041 2442 1157 2505 magno
1178 2444 1372 2490 omoreeum

174 2542 319 2609 Alcestin
341 2542 523 2626 amplexum
547 2560 680 2606 esse-
703 2521 924 2616 suot'autem,
959 2542 1013 2626 qui
1044 2561 1101 2607 uec
1126 2541 1159 2606 id
1194 2542 1319 2627 quidem
1343 2545 1373 2610 ei

175 2661 330 2739 tribuant,
353 2661 451 2726 veluti
468 2658 661 2745 Koechlyus.
685 2661 738 2746 qui
762 2664 892 2745 propter
915 2658 1005 2724 chori
1027 2659 1127 2758 verba
1149 2660 1192 2744 (v.
1214 2662 1277 2727 463
1290 2669 1374 2749 sqq.)

377 2797 406 2860 εἰ
427 2794 464 2860 δέ
474 2819 515 2861 τι
539 2795 651 2859 καινόν
674 2790 784 2860 ἕλοιτο
808 2793 909 2881 λέχος
930 2791 1022 2872 πόσις
1043 2819 1116 2862 m.
1130 2793 1161 2858 λ.

175 2934 271 3001 fidem
295 2933 423 2999 Admeti
444 2935 476 2999 in
498 2932 712 3019 suspicionem
737 2936 832 2998 vocat
856 2970 889 2980 -
917 2933 972 2998 sed
997 2939 1031 2998 ut
1053 2933 1112 2997 hoc
1145 2931 1373 2998 concedamus:

177 3072 259 3140 quae
280 3055 384 3134 magis
406 3053 490 3117 inter
512 3071 546 3116 se
570 3050 675 3116 aliena
697 3060 781 3135 stant,
804 3071 899 3136 quam
923 3052 989 3116 hoc.
1013 3071 1144 3116 uxorem
1170 3053 1211 3116 ad
1241 3059 1377 3115 mortem

177 3170 349 3253 adducere,
381 3189 451 3235 cum
482 3171 551 3256 ipse
574 3170 669 3235 facile
698 3171 840 3255 potueris
873 3189 940 3233 eam
962 3189 1102 3248 servare,
1135 3178 1230 3255 atque
1261 3167 1378 3233 deinde

74 3272 78 3278 ⁴
176 3287 348 3357 lamentari
370 3295 403 3353 et
424 3307 501 3374 prae
523 3289 673 3359 seferre,
702 3303 835 3353 mortem
868 3288 967 3353 multo
999 3287 1176 3352 dulciorem
1212 3307 1282 3353 esse
1313 3289 1381 3352 vita

178 3405 308 3493 aliaque
339 3405 472 3491 hujusce
501 3408 597 3485 modi,
620 3427 700 3492 quae
733 3427 807 3473 vere
829 3409 934 3471 taedio
966 3407 1056 3471 nobis
1087 3416 1170 3472 sunt.
1215 3405 1279 3471 Sed
1301 3406 1381 3471 haec

180 3527 327 3592 excusari
351 3531 501 3611 poterunt
522 3525 621 3605 nimio
645 3525 781 3610 quodam
806 3525 926 3591 dolore.
971 3524 1074 3602 Quidt
1104 3526 1186 3610 quod
1216 3526 1257 3589 ad
1288 3526 1382 3605 ignu-

180 3643 264 3708 viam
288 3663 327 3709 ea
348 3642 527 3729 petulantia
549 3644 676 3709 accedit
697 3654 793 3728 atque
826 3645 1035 3729 impudentia,
1072 3649 1106 3709 ut
1128 3645 1200 3709 rixa
1221 3642 1278 3708 illa
1299 3642 1384 3708 inter

181 3769 357 3847 patremet
380 3780 486 3844 regem
509 3766 591 3828 orta.
615 3771 650 3827 ut
671 3760 858 3827 Buchtrolzii
880 3762 988 3827 verbis
1010 3770 1093 3842 utar,
1116 3782 1199 3845 „non
1223 3771 1287 3827 tam
1311 3758 1385 3826 bilis

181 3896 277 3966 quum
301 3880 442 3946 taedium
465 3889 632 3965 moveatur
654 3884 687 3945 et
710 3881 760 3946 hic
783 3882 911 3969 quidem
935 3898 997 3959 tsc.
1016 3881 1188 3959 Admetus)
1211 3898 1305 3945 aures
1328 3899 1387 3945 no·

181 4006 267 4065 stras
290 4017 329 4063 co
353 4000 454 4080 magis
477 3998 575 4064 violet
595 3997 745 4084 maloque
769 4001 893 4076 habeat,
918 4018 980 4086 quo
1004 4000 1105 4080 magis
1129 4000 1195 4081 ejus
1217 3998 1317 4064 verba
1331 3998 1387 4063 de-

181 4116 298 4185 decent
319 4136 403 4193 sum,
425 4136 613 4198 generosam
636 4136 770 4183 uxorem
794 4119 936 4185 elaturos
960 4122 1040 4185 est.“
1073 4116 1138 4183 Vix
1159 4115 1248 4183 credi
1270 4118 1388 4203 potest,

179 4233 354 4313 hominem,
376 4236 431 4322 qui
455 4238 523 4321 ipse
546 4240 657 4302 tantae
681 4234 974 4319 ignaviaecrimen
1001 4234 1186 4312 admiserat,
1207 4236 1242 4300 in
1266 4244 1391 4321 patrem

180 4356 358 4440 asperrime
381 4353 488 4450 invehi
511 4344 607 4441 atquc
625 4345 764 4440 jactari:
786 4377 875 4441 „non
896 4378 968 4426 sum
991 4365 1065 4427 tuos
1089 4357 1278 4441 matrisque,
1308 4355 1393 4439 'quae

188 4469 316 4553 dicitur,
336 4471 431 4553 tilius,
455 4472 514 4540 sed

1198 4645 1234 4707 2*
