3210 4914
622 388 917 456 ..Qu-.-

169 584 327 633 summam
349 565 537 633 felicitatem
559 564 677 632 adduci
699 584 771 630 eum
803 565 975 647 cernimus,
1005 582 1077 629 cum
1101 561 1259 642 Alcestis,
1293 584 1374 651 quae

170 692 258 751 certe
281 681 465 766 ,,ἐαιεικής“
488 683 677 766 cognomine
699 683 799 765 digna
827 687 896 761 est,
924 683 957 748 in
980 683 1151 767 perniciem
1176 684 1286 750 irruat.
1330 687 1375 752 At

170 801 291 869 dixerit
322 802 480 889 quispiam
513 801 686 868 Admetum
711 821 772 866 nou
801 798 980 891 μοχθηρόν
1010 820 1090 879 esse,
1119 799 1233 868 sedin
1264 822 1372 872 cerum

169 940 304 986 numeru
325 918 518 997 habendum,
550 940 631 1007 ques
653 924 816 1006 pestremo
838 918 1031 986 Aristoteles
1054 920 1220 1004 describit,
1253 931 1289 989 ut
1311 945 1374 991 nun

170 1035 222 1102 ded
249 1039 369 1103 κακίαν
392 1035 447 1102 καί
469 1040 675 1128 μοχθηρίαν,
698 1034 788 1101 llil
811 1035 851 1101 δι’
882 1038 1048 1124 ἁμαρτίαν
1071 1034 1146 1103 τινα
1176 1039 1209 1104 in
1241 1042 1374 1109 calami·

169 1163 270 1224 tatem
297 1157 459 1228 inciderit.
481 1177 577 1244 quam
602 1158 792 1222 sententiam
814 1154 995 1239 Wagnerns
1018 1157 1159 1242 pretulit.
1202 1156 1301 1236 Quem
1324 1168 1373 1228 ta-

169 1295 244 1341 men
265 1273 476 1342 Buclrlrclzius
490 1277 695 1359 argutissime
709 1274 868 1342 refutasse
890 1276 967 1341 milri
987 1277 1122 1341 videtur.
1145 1275 1255 1362 Neque
1278 1282 1373 1359 enim,

170 1395 285 1480 inquit,
318 1396 448 1477 ignavia
478 1394 619 1470 Admeti,
655 1413 749 1479 quarn
780 1415 819 1461 ne
841 1392 1033 1476 Wagnerius
1062 1395 1190 1480 quidem
1223 1397 1373 1483 denegat,

168 1512 318 1601 ἁμαρτία
340 1520 401 1593 est,
423 1514 480 1578 sed
503 1521 538 1579 ut
558 1532 618 1598 pre
640 1531 728 1578 mere
751 1518 883 1598 peccate
912 1512 1060 1579 habenda
1081 1514 1134 1595 sit,
1162 1520 1289 1582 tantum
1315 1520 1373 1586 ab·

168 1635 229 1708 est,
252 1637 287 1696 ut
314 1637 467 1716 tanquam
497 1637 574 1697 nuta
598 1632 632 1697 in
667 1650 761 1695 ernne
796 1637 924 1716 tempus
958 1629 1081 1697 homini
1110 1631 1219 1699 inusta
1240 1653 1313 1702 cum
1335 1659 1372 1706 eo

169 1749 254 1815 velut
278 1747 437 1815 coaluisse
459 1749 608 1815 videatur
630 1769 668 1814 ae
689 1757 848 1833 perpetua
869 1755 901 1815 et
922 1750 1121 1834 sempiterna
1142 1750 1215 1818 labe
1238 1774 1309 1820 eum
1323 1757 1371 1824 ai·

168 1867 267 1934 ficiat.
310 1867 422 1954 Itaque
444 1887 509 1932 non
530 1869 744 1953 temporarius
767 1869 864 1932 animi
887 1872 994 1933 mutus
1008 1868 1140 1935 Admeti
1153 1866 1291 1953 'ignavia
1312 1883 1372 1955 est,

168 1985 228 2051 sed
249 1987 282 2051 iu
298 1985 454 2078 rnedullis
476 1984 544 2069 ejus
567 1991 600 2053 et
630 1985 807 2052 visceribus
838 1983 970 2062 haeret;
1002 2007 1067 2053 nen
1099 1989 1198 2054 semel
1226 1992 1372 2060 misellus

169 2104 264 2170 herne
287 2106 334 2170 sic
356 2106 514 2191 peccavit,
545 2106 600 2171 sed
623 2107 651 2170 si
674 2125 725 2171 res
753 2106 800 2170 ita
820 2103 929 2178 ferret.
961 2105 1077 2170 iterum
1108 2125 1147 2172 ae
1168 2110 1264 2174 tertio
1286 2111 1372 2181 idern

170 2222 401 2309 delinqueret.“
423 2223 534 2289 -Ex
557 2222 606 2288 his
623 2224 702 2308 Jam‚
739 2243 820 2309 quae
844 2222 1088 2308 explicavimus,
1111 2225 1284 2293 Admetum
1307 2251 1372 2298 nen

169 2312 241 2407 esse
271 2362 442 2427 persenam
472 2343 631 2424 tragicam
660 2349 825 2427 tutamque
859 2341 1002 2408 fabulam
1032 2362 1051 2407 α
1079 2347 1249 2425 tragoedia
1275 2347 1371 2434 lunge

166 2460 281 2526 abesse
304 2460 458 2526 videmus.
501 2458 587 2525 ldern
609 2459 790 2525 affirmatur
811 2465 950 2545 quatuor
972 2460 1037 2526 illis
1051 2462 1232 2543 virtutibus,
1255 2470 1371 2552 quibus

167 2585 295 2663 puetaru
318 2598 472 2664 personas
495 2598 651 2644 exornare
661 2575 853 2644 Aristoteles
866 2578 971 2657 jubet,
994 2580 1035 2646 ad
1051 2579 1225 2647 Admetum
1247 2587 1370 2656 relatis.

168 2694 251 2762 Num
274 2699 356 2764 euim
374 2694 521 2785 χρηστός
542 2702 613 2763 esti
645 2696 786 2775 minime,
810 2696 837 2762 si
860 2698 937 2783 quid
960 2698 1041 2763 recti
1063 2699 1268 2770 (lemuribus
1300 2707 1371 2791 ejus
1491 2734 1494 2741 ¹

167 2815 318 2881 uidimus.
361 2817 412 2882 An
435 2812 636 2903 ἁρμόττωνῖ
666 2836 705 2882 ne
727 2816 760 2880 id
791 2815 931 2900 quidem.
974 2815 1153 2886 convenire
1184 2823 1268 2888 enim
1300 2828 1369 2893 viro

167 2937 264 3019 atque
287 2933 364 3015 regi,
386 2940 524 3000 mertem
545 2935 592 3000 ita
613 2936 734 3010 timere,
758 2940 793 2997 ut
814 2932 967 3018 deinceps
999 2934 1146 3003 erunibus
1175 2941 1299 3021 amicis,
1331 2950 1370 3011 ut

165 3070 225 3136 pre
247 3071 282 3117 se
304 3051 389 3118 diern
411 3072 597 3138 supremum
627 3052 764 3128 obirent,
798 3051 977 3118 obsecratis
1000 3055 1148 3135 gaudeat,
1179 3060 1264 3143 quod
1286 3081 1369 3129 uxor

165 3175 283 3255 perata
304 3172 348 3236 sit
369 3177 471 3238 morte
493 3172 637 3258 oppetita
658 3170 718 3235 sibi
738 3170 837 3235 vitam
855 3170 1047 3252 condonare,
1062 3175 1134 3259 quis
1157 3182 1206 3242 est
1223 3180 1277 3262 qui
1292 3198 1368 3247 cen-

166 3288 299 3354 tendat?
321 3308 365 3354 an
386 3288 512 3356 mulieri
533 3290 636 3371 magis
658 3291 816 3370 conuenit,
844 3306 939 3373 quarn
962 3290 1030 3354 vire
1055 3299 1192 3358 mertem
1223 3305 1367 3364 contem·

165 3412 263 3472 neret
306 3407 355 3473 Ac
377 3427 417 3473 ne
439 3401 554 3497 ὅμοιον
575 3408 702 3493 quidem
725 3406 899 3473 Admetum
922 3426 994 3475 esse
1008 3414 1169 3494 putamus,
1192 3414 1220 3479 si
1237 3416 1366 3500 quidem

164 3542 285 3610 pancos
306 3527 472 3592 inventurn
494 3527 535 3591 iri
557 3546 662 3612 spere,
691 3527 745 3612 qui
767 3525 851 3591 tales
874 3544 909 3592 se
932 3527 1116 3612 praebeant,
1146 3530 1275 3614 qualem
1296 3535 1366 3602 Ad-

163 3649 279 3708 metus.
324 3641 469 3709 Plurima
490 3645 574 3710 enim
597 3663 669 3709 cum
692 3642 843 3729 exempla
869 3645 991 3709 tradite
1012 3646 1079 3711 sint
1101 3667 1219 3728 eurum,
1255 3655 1309 3738 qui
1330 3662 1372 3721 ut

163 3780 280 3827 uneres
301 3759 486 3848 liberosque
508 3763 725 3843 defenderent,
747 3762 810 3849 ipsi
832 3762 866 3828 iu
884 3781 1010 3828 summa
1026 3764 1169 3850 pericula
1183 3786 1256 3834 seee
1271 3791 1367 3857 prae·

164 3879 336 3965 cipiterent
357 3897 395 3946 ec
416 3880 468 3947 rel
504 3889 641 3948 mertem
664 3901 722 3967 pru
753 3898 884 3947 suerum
918 3880 1023 3947 salute
1056 3892 1256 3970 oppeterent,
1290 3891 1367 3975 quid

162 3996 375 4063 dubitandum
404 4006 464 4069 est,
495 4001 572 4086 quin
602 4008 638 4068 ut
666 4000 766 4066 vitam
796 3979 890 4064 tantu
921 4001 1024 4085 pretio
1056 4010 1173 4081 emant,
1205 4002 1292 4073 haud
1321 4008 1368 4074 ita

162 4112 255 4181 multi
276 4114 393 4181 adduci
415 4117 563 4202 pessintt
576 4154 618 4167 —
639 4117 687 4185 De
709 4113 884 4205 ἀνωμαλία
906 4117 1045 4204 denique
1063 4118 1135 4203 jam
1156 4141 1257 4208 supra
1269 4124 1367 4192 uerba

161 4231 307 4313 fecimus,
329 4253 401 4301 curn
425 4235 465 4302 de
489 4232 628 4303 Pherete
648 4236 906 4322 disputaremus;
928 4236 1041 4302 eedem
1063 4236 1237 4317 invenitur,
1259 4250 1296 4309 ut
1316 4244 1367 4310 ni-

161 4350 206 4419 bil
227 4352 332 4420 dicem
355 4351 395 4419 de
416 4350 567 4434 Hercule,
597 4374 689 4440 quern
713 4355 896 4421 etvheroem
926 4353 1139 4422 fortissimum
1162 4362 1194 4423 et
1221 4367 1368 4445 peterem

161 4466 391 4561 hilariuirnum
412 4475 510 4558 posu
534 4471 699 4552 describit,
724 4473 821 4541 etium
842 4473 876 4539 iu
898 4471 1049 4554 Admeto,
1077 4475 1132 4561 qui
1153 4476 1248 4542 uredo
1270 4477 1366 4546 benc·
