3210 4914
10 466 13 557 l

704 331 1003 403 -14-

242 501 313 565 viro
336 500 426 569 dedit
446 507 614 569 enumerat
631 509 726 590 atque
748 512 784 571 ut
807 504 871 572 sibi
895 509 1034 590 gratiam
1054 527 1150 595 quam
1172 509 1347 577 maximam
1371 513 1452 578 reie·

243 626 297 685 rat
318 620 464 709 postulat
485 658 523 670 ·-
550 622 628 688 haee
660 624 770 693 omnia
792 625 889 693 nobis
907 625 1089 709 judicanda
1110 633 1187 694 sunt
1211 635 1248 694 ut
1267 632 1340 694 tum
1362 639 1452 698 erant

240 747 398 827 tempora,
419 760 522 826 neque
551 741 894 840 praetermittendum·
910 750 959 811 est
990 766 1050 813 nos
1081 746 1177 813 aliter
1199 748 1319 814 sentire
1341 747 1382 816 de
1403 747 1450 815 bis

236 856 336 929 rebus
364 877 404 929 ac
435 859 553 931 Graeci
585 862 756 929 senserint.
808 861 933 941 Quibus
962 864 1047 930 enim
1075 885 1141 933 non
1169 870 1263 953 turpe
1284 866 1451 936 videbatur

238 995 322 1061 esse,
352 977 512 1047 Achillem
542 977 695 1047 lacrimas
724 978 908 1064 effundere,
936 981 1134 1065 Antigonam
1164 984 1343 1053 miserabili
1371 984 1448 1056 fletu

237 1100 379 1165 mortem
410 1105 653 1185 praematuram
681 1100 848 1191 conqueri,
883 1100 937 1189 qui
960 1102 1090 1169 omnino
1111 1102 1282 1171 veritatem
1305 1124 1355 1180 ,ex
1377 1106 1450 1193 ipsa

237 1219 356 1283 natura
377 1235 564 1304 expressam
585 1218 619 1283 in
641 1216 772 1298 fabulis,
794 1238 879 1311 quas
910 1220 1111 1307 spectabant,
1134 1221 1264 1310 depingi
1287 1222 1449 1301 volebant,

206 1432 208 1437 Ι
238 1335 285 1401 eis
307 1334 529 1422 displicuisset
555 1354 595 1403 ea
616 1336 768 1418 Alcestis,
810 1359 894 1427 quae
910 1337 1065 1439 ¹lubenter
1085 1361 1121 1409 se
1143 1341 1183 1409 de
1205 1345 1273 1410 vita
1295 1343 1448 1413 decedere

234 1453 405 1523 simularet
426 1460 484 1524 aut
504 1473 587 1543 quae
608 1476 686 1543 prae
708 1476 743 1524 se
764 1458 879 1536 ferret,
911 1458 990 1526 nihil
1012 1459 1102 1527 aliud
1124 1480 1159 1527 se
1183 1463 1253 1548 pati
1273 1462 1338 1529 nisi
1361 1464 1445 1550 quod

237 1578 405 1660 oporteret
443 1581 476 1641 et
515 1592 551 1640 se
584 1580 616 1641 et
654 1595 766 1643 omnes
815 1577 967 1645 mulieres
1004 1598 1063 1665 pro
1105 1580 1184 1646 viris
1220 1581 1329 1647 subire
1365 1579 1446 1648 alia·

228 1712 296 1783 ¹que
330 1692 499 1779 ejusmodi.
543 1693 758 1778 Quamobrem
802 1715 877 1763 cum
917 1696 1088 1766 Wielando
1127 1698 1230 1775 facio,
1274 1701 1330 1787 qui
1371 1718 1445 1767 cum

230 1812 304 1903 ipse
333 1813 481 1883 fabulam
515 1815 556 1881 de
588 1813 753 1882 Alcestide
796 1821 1021 1904 componeret,
1066 1815 1150 1883 hano
1185 1837 1254 1884 rom
1295 1837 1441 1885 commu·

135 2022 138 2029 .
233 1933 329 2013 tavit,
370 1938 483 2021 utpote
528 1953 609 2025 quae
651 1953 717 2003 non
764 1935 847 2003 satis
883 1935 1094 2020 responderet
1129 1938 1249 2004 nostrie
1286 1939 1445 2025 tempori-

231 2052 303 2136 bus,
325 2073 426 2141 neque
448 2073 524 2123 vero
546 2052 754 2140 Euripideum
777 2070 843 2123 non
866 2046 990 2136 laudat,
1011 2052 1110 2121 immo
1131 2054 1180 2121 illi
1207 2058 1306 2124 aetati
1339 2058 1443 2143 aptis-

231 2172 348 2241 simam
370 2172 471 2245 fuisse
494 2177 616 2241 censet.
652 2171 715 2238 Sed
738 2171 771 2241 in
793 2169 855 2237 bac
878 2188 1005 2257 quoque
1027 2192 1062 2239 re
1079 2173 1250 2243 Wielando
1272 2176 1443 2257 assentior,

231 2293 317 2380 quod
340 2312 381 2358 ne
403 2290 591 2378 Euripidem
628 2292 756 2383 quidem
797 2288 948 2359 Alcestin
980 2291 1029 2358 ita
1064 2292 1249 2380 loquentem
1277 2293 1441 2362 iacturum

227 2410 331 2479 fuisse
354 2408 555 2492 arbitratur,
598 2415 635 2477 ut
668 2408 766 2491 iecit,
798 2408 828 2475 si
858 2429 919 2497 pro
951 2408 1016 2477 alio
1049 2412 1117 2478 viro
1140 2412 1336 2480 moribunda
1359 2419 1440 2480 erat.

227 2529 314 2619 Ipsis
335 2527 588 2596 Atheniensibus
612 2529 696 2595 enim
721 2528 830 2594 nescio
852 2547 893 2595 an
917 2529 1014 2596 nimis
1039 2530 1171 2617 copiose
1198 2531 1339 2598 Alcestis
1369 2533 1442 2598 visa

228 2648 274 2716 sit
295 2648 433 2717 Admeto
457 2647 693 2714 beneficiasse
715 2651 789 2713 ante
814 2647 925 2713 oculos
952 2668 1081 2735 ponere,
1103 2669 1176 2715 oum
1199 2655 1271 2716 octo
1292 2649 1440 2718 versibus

226 2767 259 2835 ei
281 2766 471 2854 explicaret,
495 2767 558 2834 sibi
591 2766 721 2835 lienisse
744 2787 807 2832 non
833 2768 916 2833 mori
952 2768 1086 2846 (multos
1113 2768 1196 2835 alios
1226 2771 1310 2835 enim
1340 2769 1440 2836 Thes·

217 2886 329 2959 saliae
346 2886 484 2971 juvenes
507 2885 729 2955 nobilissimos
754 2903 837 2967 esse,
862 2885 979 2972 quibus
1001 2886 1124 2953 nubere
1135 2888 1322 2975 potuisset),
1346 2908 1436 2954 eum-

225 3025 288 3092 que
307 3006 540 3091 jurejurando
564 3004 794 3088 adstringeret,
817 3023 858 3071 ne
882 3004 978 3070 aliam
998 3003 1165 3073 mulierem
1188 3007 1220 3072 in
1235 3009 1435 3074 matrimoni·

221 3146 278 3194 um
301 3126 444 3193 duceret.
487 3125 551 3192 Sed
573 3122 761 3211 Euripidem
784 3142 843 3190 suo
860 3121 934 3207 jore
955 3123 1016 3189 boc
1039 3125 1157 3211 fecisse
1178 3126 1264 3192 idem
1294 3124 1433 3193 Wielan·

215 3246 284 3313 ,dus
306 3244 409 3323 docet,
432 3263 504 3313 cum
528 3245 625 3310 dicit:
659 3243 743 3319 „Mit
765 3240 871 3309 einem
894 3241 1025 3323 Admet,
1049 3246 1107 3310 wie
1130 3245 1189 3312 der
1211 3246 1343 3328 seinige,
1364 3265 1434 3313 war

221 3362 276 3431 die
299 3361 557 3447 Vorsiubtigkeit
579 3362 637 3428 der
658 3361 789 3430 Alceste
812 3362 921 3428 nicbts
952 3363 1094 3447 weniger
1126 3365 1174 3430 als
1204 3363 1433 3448 iiberfltissig.“

220 3482 321 3553 Recte
343 3483 490 3570 quidem!
514 3481 558 3549 Ut
579 3480 663 3548 enim
683 3480 754 3565 jam
777 3484 985 3551 transeamus
1007 3483 1049 3547 a'd
1083 3480 1334 3549 describendum
1363 3482 1434 3549 Ad-

218 3611 352 3681 metum,
375 3602 414 3669 de
436 3600 497 3669 bac
526 3604 615 3667 certe
642 3619 789 3687 persona
810 3597 977 3687 Koechlyo
1013 3601 1257 3667 assentiendum
1279 3608 1329 3668 est
1358 3619 1432 3669 een·

218 3723 305 3790 senti
337 3721 454 3811 opponi
476 3721 509 3787 in
537 3724 607 3786 tota
634 3719 745 3787 tabula
776 3718 925 3789 Alcestin
956 3719 1074 3785 altiore
1108 3724 1214 3785 mente
1239 3719 1430 3807 praeditam

216 3841 357 3910 Admeto
379 3839 574 3928 reliquisque
596 3838 746 3909 omnibus
769 3837 934 3911 humiliter
956 3845 990 3905 et
1017 3836 1426 3925 sordide‘oentientious2)

217 4028 417 4046 m

283 4128 308 4200 1)
327 4132 411 4197 ,Daca
428 4131 475 4185 der
491 4131 632 4205 Egoiamus
648 4130 703 4184 und
719 4129 1027 4185 Materialismns-ron
1044 4128 1181 4197 Admetus,
1207 4129 1317 4197 Pheres,
1343 4129 1433 4183 Hera·

212 4232 272 4287 kles
294 4233 468 4288 remohleden
486 4235 633 4300 tvertretan,
657 4232 728 4317 auch
746 4226 777 4285 viu
795 4231 932 4285 einzelnen
949 4229 1144 4302 Andautrmgen
1163 4248 1223 4285 rom
1240 4231 1312 4285 Obor
1333 4248 1431 4302 ansge-

213 4335 351 4404 rproohen,
362 4335 482 4406 jaaogan
498 4334 562 4390 deni
573 4332 881 4407 Apollcund‘d'haneton
898 4332 1070 4388 nichtiremd
1082 4335 1125 4399 iat,
1141 4334 1213 4405 aeigt
1221 4331 1427 4403 *dieAuelyae‘

210 4432 315 4507 Kduh15
332 4437 349 4489 l
367 4452 388 4493 a
406 4453 432 4506 p.
451 4439 508 4493 888.

1591 936 1595 1135 l
