3210 4914
103 621 109 632 ‚
192 553 262 620 ditu
286 564 393 622 autem
416 554 530 622 fraude
553 555 680 623 detecta
701 558 741 624 ah
764 557 920 623 Arsinoes
945 558 1101 624 fratribus
1125 557 1293 625 occiditur.
1337 554 1408 636 Qua

192 671 231 737 de
255 693 290 739 re
313 695 385 741 cum
409 674 523 741 mulier
545 675 742 760 probissima
763 676 920 742 fratribus
940 682 1133 743 succenseat
1155 686 1186 742 et
1210 680 1282 763 ipsa
1305 678 1404 742 inter-

192 792 309 859 ficitur.
353 793 451 877 Cujus
495 795 691 861 narrationis
717 794 906 863 Welckerus
931 796 963 860 in
985 792 1149 881 Euripidis
1192 795 1303 862 fabula
1336 795 1403 881 pri·

193 931 280 977 orem
303 919 429 979 tantum
453 919 577 1000 partem
611 919 784 979 tractatam
807 934 878 981 esse
901 935 917 979 e
939 914 1131 997 fragmentis
1152 914 1245 980 nohis
1274 915 1406 980 traditis

194 1030 323 1110 conicit,
345 1033 393 1099 ita
419 1033 547 1119 quidem
571 1034 661 1099 utin
684 1052 834 1100 scaenam
866 1035 1014 1120 prodiret
1036 1033 1192 1100 Alcmaeo
1214 1032 1309 1099 iuriis
1332 1053 1407 1098 con·

193 1151 404 1233 sectantibus,
426 1156 493 1217 tum
518 1152 648 1217 morbus
671 1152 740 1236 ejus
764 1151 1003 1239 depingeretur,
1034 1152 1151 1218 deinde
1184 1153 1233 1218 vir
1266 1152 1407 1217 fortissi-

194 1288 264 1334 mus
295 1278 451 1355 purgatus
484 1270 554 1354 regi
584 1273 804 1357 persuaderet,
834 1283 870 1338 ut
891 1271 989 1337 filiam
1013 1271 1076 1337 sihi
1099 1270 1132 1336 in
1162 1270 1405 1337 matrimonium

193 1386 297 1454 daret.
341 1390 462 1457 Contra
483 1388 661 1456 Schoellius
686 1395 719 1456 et
741 1390 943 1474 Hartuogius
971 1398 1073 1456 totam
1103 1411 1171 1457 rem
1205 1410 1301 1477 quam
1332 1410 1406 1454 nar-

194 1507 336 1573 ravimus
366 1509 407 1575 ab
428 1507 584 1595 Euripide
616 1515 816 1596 propositam
841 1531 911 1576 esse
942 1518 1085 1576 censent.
1130 1509 1199 1588 Qua
1222 1511 1254 1575 in
1277 1529 1311 1574 re
1334 1509 1406 1593 quis

197 1631 319 1731 rectum
344 1627 462 1694 viderit
485 1647 554 1694 curn
580 1627 934 1713 hujusdissertatioois
957 1648 1020 1696 non
1044 1631 1087 1694 sit
1114 1627 1301 1713 dijudicare,
1324 1626 1406 1693 satis

192 1745 271 1810 mihi
293 1746 337 1813 sit
359 1747 501 1813 virorum
523 1750 692 1815 doctorum
715 1747 950 1815 dissensionem
973 1766 1255 1817 commemorasse.

279 1899 434 1968 Venimus
456 1902 500 1969 ad
522 1904 650 1969 tertiam
673 1901 832 1968 fabulam:
855 1901 1040 1989 Telephum.
1083 1903 1132 1968 Ac
1153 1901 1312 1989 Telephus
1335 1902 1407 1986 qui·

195 2018 280 2097 deur,
301 2040 361 2085 rex
384 2022 560 2108 Mysorum,
583 2042 655 2087 cum
679 2020 875 2088 Graecorum
902 2023 1082 2087 exereitum
1104 2022 1260 2088 adversus
1276 2021 1405 2102 Trojam

195 2139 456 2222 proficiscentem
479 2112 635 2220 fugasset,
659 2142 727 2227 ipse
752 2160 828 2206 vero
852 2141 892 2206 ab
911 2139 1036 2207 Achille
1059 2142 1149 2222 gravi
1174 2141 1305 2205 vulnere
1328 2135 1407 2203 affe-

196 2266 267 2323 ctus
290 2267 385 2340 esset,
408 2259 530 2326 oraculi
553 2258 700 2346 Delphici
723 2280 912 2346 responsum
937 2267 1124 2347 acceperatt
1155 2256 1171 2323 ὁ
1195 2254 1321 2346 τρώσας
1350 2254 1406 2320 καὶ

198 2370 339 2446 ἰάσεται.
382 2379 495 2466 ltaque
525 2381 567 2446 ad
590 2378 788 2446 Graecorum
822 2381 1003 2445 exercitum
1036 2395 1071 2444 se
1103 2377 1248 2458 contulit,
1282 2378 1333 2464 qui
1357 2379 1408 2442 in·

197 2498 289 2563 terim
314 2499 469 2587 Mycenas
491 2500 642 2565 redierat.
689 2498 731 2565 Ut
752 2517 828 2564 vero
851 2517 891 2564 ne
921 2504 1162 2580 agnosceretur,
1193 2495 1331 2562 mendici
1354 2516 1410 2560 ve·

195 2616 299 2684 stibus
321 2618 456 2686 indutus
479 2618 618 2706 primum
642 2617 703 2684 soli
732 2617 1019 2703 Clytaemnestrae,
1051 2617 1120 2704 quis
1150 2623 1246 2692 esset,
1274 2615 1410 2700 aperuit,

196 2754 291 2821 quarn
314 2737 354 2804 ob
376 2737 562 2824 Iphigeniae
586 2738 715 2803 caedem
739 2737 974 2818 Agamemnoni
997 2736 1094 2802 irasci
1119 2736 1253 2801 videret.
1275 2734 1326 2799 Ab
1349 2733 1409 2798 hac

195 2856 236 2920 ad
259 2875 350 2922 aram
373 2857 543 2923 considere
562 2857 675 2941 jussus
698 2854 950 2938 Agamemnonis
969 2855 1124 2921 auxilium
1146 2853 1301 2939 implorat
1318 2852 1409 2917 duci·

198 2972 319 3061 busque
341 2975 536 3044 Achivorum
563 2975 643 3062 quid
665 2975 729 3040 sibi
751 2975 829 3039 velit
857 2976 1001 3060 exponit,
1030 2973 1187 3039 simulans
1209 2993 1244 3039 se
1267 2971 1307 3037 ah
1337 2972 1409 3058 ipso

195 3092 335 3180 Telepho
358 3095 560 3162 vulneratum
585 3114 666 3160 esse.
710 3092 778 3159 lom
800 3093 1043 3179 impetraverat,
1063 3111 1145 3179 quae
1173 3089 1313 3172 volebat,
1336 3109 1408 3155 oum
1521 3151 1524 3157 .

195 3212 318 3295 Ulixes,
340 3217 411 3302 quis
433 3236 468 3283 re
491 3236 568 3282 vera
591 3213 635 3280 sit
660 3213 828 3295 cognoscit
850 3218 1038 3297 ceterosque
1060 3219 1097 3278 ut
1119 3232 1189 3276 eum
1213 3209 1412 3276 interficiant

197 3331 357 3400 admonet.
401 3334 482 3400 Tum
511 3333 671 3420 Telephus
702 3332 826 3409 Oreste,
855 3331 1111 3413 Agamemnonis
1141 3330 1251 3408 filiolo,
1280 3335 1411 3415 arrepto

198 3453 371 3518 minitatur
403 3473 532 3520 seeum
566 3451 812 3519 interfecturum
837 3469 917 3527 esse,
941 3450 1006 3516 nisi
1027 3449 1143 3516 Achivi
1167 3449 1230 3516 sihi
1260 3446 1413 3513 medean-

197 3578 259 3639 tur.
302 3572 450 3642 Aocedit,
472 3572 557 3657 quod
580 3570 716 3638 Graecis
740 3569 904 3635 oraculum
940 3570 1162 3655 responderat,
1184 3570 1247 3634 nisi
1270 3565 1413 3651 Telepho

196 3693 331 3757 ducente
355 3712 409 3759 eos
431 3692 559 3776 TroJom
585 3698 737 3775 capturos
760 3708 826 3753 non
848 3707 929 3756 esse.
975 3688 1087 3774 ltaque
1110 3687 1244 3754 Graecis
1274 3685 1316 3753 ad
1346 3685 1414 3750 ioe-

196 3810 257 3877 dus
280 3831 352 3876 cum
374 3810 514 3898 Telepho
537 3809 711 3876 ineundum
735 3808 917 3879 commotis,
940 3806 993 3873 ille
1016 3808 1152 3874 Achillis
1184 3806 1279 3872 hasta
1307 3809 1415 3871 tactus

196 3928 328 3996 vulnere
360 3928 528 3996 liberatur.
572 3930 652 3996 Tum
675 3928 798 3996 Graeci
820 3927 861 3993 ah
884 3928 998 3992 eodem
1027 3929 1060 3992 in
1093 3926 1209 3992 Asiam
1242 3926 1410 3991 ducu'ntur.

196 4059 231 4113 ut
254 4067 331 4114 vero
354 4068 463 4114 secum
496 4053 611 4115 contra
639 4047 797 4130 Trojanos
832 4054 954 4132 pugnet
982 4066 1047 4111 noo
1081 4046 1266 4131 impetrant.
1312 4043 1414 4121 Quam

193 4167 339 4235 fabulam
378 4174 580 4254 spectatores
619 4165 846 4233 Themistoclis
885 4166 1174 4232 commonefecisse
1215 4162 1417 4245 Hartungius

193 4293 281 4352 rer-te
316 4286 469 4366 adnotat,
514 4287 604 4370 cujus
638 4287 787 4362 victoria,
813 4287 901 4368 iugo,
933 4282 1022 4350 salus
1046 4282 1177 4349 Admeti
1201 4282 1266 4347 filio
1288 4288 1417 4368 arrepto

192 4410 376 4492 impetrata,
406 4409 512 4473 exitus
545 4405 712 4472 simillimo
739 4409 826 4470 sunt.
870 4403 990 4469 Tamen
1016 4425 1090 4468 num
1127 4404 1200 4469 r‘ere
1234 4399 1295 4467 hoo
1323 4401 1418 4467 Erui-
