3210 4914
287 468 416 550 timus,
439 468 597 553 stuporum
626 488 696 553 rex,
726 466 897 557 Thyestem
932 468 1077 551 tratrem,
1107 468 1160 557 qui
1185 488 1281 553 reguo
1316 464 1413 555 potiri

203 591 375 655 conaretur
388 605 524 675 cumque
539 588 679 676 scrupe.
699 587 790 656 Atrei
805 606 918 667 uxore,
941 588 1102 657 adulterio
1121 587 1265 657 exercito
1282 603 1412 653 aureum

203 704 320 793 pellem
344 706 544 788 abstulisset,
567 705 709 795 epatria
731 705 912 795 expulerat.
956 705 1033 776 Mox
1060 704 1214 795 Thyestes
1236 706 1323 775 redit
1344 724 1413 773 sor·

203 823 344 913 didaque
367 830 456 895 resta
479 830 582 895 tectus
605 826 646 895 ad
669 843 757 895 uram
781 824 930 895 considit.

287 943 455 1037 Coiioquio
477 944 562 1015 inter
590 944 709 1013 iratres
731 944 817 1013 iuoto
840 946 960 1014 Atreus
983 949 1019 1013 ut
1041 942 1095 1014 ilie
1117 944 1229 1014 urbam
1251 942 1413 1035 relinquat

201 1061 357 1151 postulat.
401 1062 465 1134 Sed
486 1083 559 1131 oum
587 1064 702 1132 iterum
733 1062 898 1153 Thyestes,
921 1062 962 1133 ab
985 1062 1112 1153 Aerope
1134 1062 1276 1151 adjutus,
1298 1068 1412 1131 oontra

201 1181 492 1251 norsumcooaitta
518 1180 650 1252 molitus
669 1182 724 1257 ait,
746 1182 801 1252 iiie
824 1189 858 1252 ut
886 1179 1063 1273 periculum
1087 1188 1213 1252 avertat
1240 1180 1411 1269 ignomini-

200 1318 315 1389 amque
337 1308 503 1391 acceptam
533 1300 717 1382 uicisoatun
750 1301 863 1390 epulae
886 1301 959 1371 illas
990 1301 1135 1371 nefastus
1167 1301 1278 1391 parari
1308 1300 1411 1387 iubet,

200 1419 232 1486 in
256 1418 372 1508 quibus
394 1419 549 1509 Tiryestes
580 1440 710 1490 suorum
734 1421 837 1509 ipsius
867 1420 1004 1489 tiliorum
1029 1441 1125 1489 carne
1149 1420 1272 1490 inscius
1305 1420 1410 1489 vesci·

199 1544 261 1607 tur.
283 1538 352 1620 Quo
375 1539 463 1610 iacto
485 1539 541 1609 iiia
563 1540 705 1611 discedit
720 1540 809 1609 dirus
824 1539 1019 1629 imprecatus
1035 1539 1132 1608 fratri
1147 1540 1355 1629 nequissimo.

282 1660 335 1727 Sic
357 1656 546 1729 Welcksrus
569 1680 635 1727 rem
659 1667 764 1728 aotam
788 1678 861 1729 esse
885 1659 1033 1745 conjecit.
1059 1659 1153 1727 aliter
1175 1657 1356 1757 Suboeilius
1376 1665 1409 1726 st

196 1774 407 1863 Hartunpiua.
429 1778 482 1866 qui
504 1777 676 1867 Thyestem
698 1778 738 1847 ab
760 1779 860 1848 Atreo
889 1786 1078 1847 revocatum
1108 1797 1179 1849 essa
1208 1788 1341 1847 censent
1362 1778 1407 1846 si·

195 1895 338 1967 molente
368 1895 570 1967 crudelitatis
601 1918 636 1968 aa
668 1899 848 1988 poenitere,
880 1898 996 1967 deinde
1030 1918 1102 1967 eum
1132 1896 1215 1967 mulo
1246 1897 1320 1967 doio
1350 1897 1406 1967 ia-

196 2026 323 2103 oeptum
357 2015 474 2085 icadas
496 2015 544 2085 iili
574 2036 672 2087 cenae
700 2015 895 2085 interfuisse.
940 2015 1004 2086 Sed
1036 2014 1116 2087 huso
1148 2016 1228 2085 nibil
1253 2017 1294 2086 ad
1327 2034 1406 2094 rem.

194 2134 233 2202 ds
248 2154 311 2222 qua
325 2155 423 2221 apere
447 2138 684 2224 proposuimus:
708 2134 768 2205 hoo
786 2136 868 2204 anim
887 2141 1026 2219 unumst,
1048 2134 1221 2225 Thyestem
1244 2136 1277 2205 iu
1291 2135 1405 2205 intima

193 2255 338 2343 Aeropes
361 2254 585 2326 iumiliaritate
607 2258 772 2325 versatum
795 2254 913 2325 liberos
944 2272 1021 2323 suos
1044 2254 1084 2325 ab
1114 2253 1213 2327 Atreo
1244 2261 1404 2329 mactatos

191 2374 381 2445 comedisse.
423 2374 548 2445 Numan
587 2373 698 2443 iabula
735 2376 836 2445 traxit
870 2392 890 2443 u
919 2370 1035 2456 oborn,
1080 2373 1135 2464 qui
1165 2392 1182 2443 e
1214 2373 1403 2443 mulieribus

192 2492 400 2563 Cretensibus
423 2494 611 2573 constabat
641 2495 769 2582 Aerope
793 2492 878 2562 enim
902 2492 988 2579 regis
1018 2494 1180 2565 Cretensis
1209 2491 1275 2561 iiiia
1304 2490 1405 2563 inisse

192 2610 319 2695 dicitur,
342 2632 423 2701 quas
445 2634 465 2682 a
488 2620 579 2702 patre
603 2622 738 2701 propter
759 2617 909 2701 stuprum
931 2612 963 2681 io
986 2631 1075 2683 mura
1101 2611 1186 2683 abici
1205 2612 1301 2701 iussa
1323 2617 1403 2695 arat,

191 2732 247 2799 suri
271 2748 291 2797 a
311 2751 404 2799 seruo
426 2735 566 2821 quotum
590 2731 696 2817 Argos
719 2732 816 2801 ducta
836 2732 937 2803 Atreo
960 2736 1125 2819 nupserat.

276 2850 324 2919 Da
346 2850 449 2920 alteru
470 2850 613 2937 ejusdem
642 2850 832 2935 tetralogiae
854 2848 973 2932 subula,
1006 2869 1089 2940 quoe
1118 2849 1306 2925 inscribitur
1327 2846 1403 2919 ’tt-

190 2970 318 3059 κμαίων
338 2966 588 3055 titubabitur
612 2970 671 3039 viri
694 2970 780 3039 docti
805 2969 901 3039 atium
925 2971 1027 3055 magis
1050 2970 1135 3037 inter
1158 2988 1192 3039 sa
1206 2969 1402 3058 discrepant.

188 3088 342 3158 Alcmaeo
367 3088 451 3158 enirn
482 3095 617 3159 nretrem
640 3088 816 3179 Eriphylen
846 3088 1020 3173 occideret,
1050 3088 1126 3175 quia
1155 3094 1269 3177 torque
1302 3108 1402 3161 aurea

186 3210 322 3279 seducta
354 3214 478 3297 patrem
508 3208 541 3277 in
572 3212 710 3277 mortem
743 3207 955 3296 compulerat.
1000 3206 1070 3289 Qus
1091 3206 1131 3275 de
1164 3226 1265 3275 causa
1294 3227 1400 3298 perse·

186 3328 351 3397 otuntibus
374 3326 480 3395 Furiis
503 3328 534 3395 in
557 3328 729 3396 Arcadiam
763 3328 917 3414 confugit,
942 3326 995 3399 ubi
1019 3346 1039 3395 a
1062 3324 1188 3413 Phegea
1217 3346 1292 3412 rege
1321 3324 1400 3399 Pro·

185 3446 295 3536 piridis
328 3454 484 3536 purgatus
522 3446 620 3514 illium
660 3445 730 3532 ejus
766 3446 931 3515 Arsinoen
972 3445 1041 3517 sive
1073 3444 1325 3534 Alpiresiboeum
1365 3446 1399 3515 iu

5 3612 40 3645 ...
184 3567 426 3635 matrimonium
461 3564 591 3633 ductam
622 3569 739 3655 torque
769 3564 827 3635 illu
855 3564 963 3635 donat.
1008 3564 1085 3635 Mox
1114 3584 1201 3650 roro,
1225 3582 1297 3635 cum
1319 3563 1398 3636 urbs

185 3684 374 3772 pestilentia
414 3690 606 3765 vexaretur,
642 3702 723 3773 quae
757 3683 966 3754 Alcmaeoniu
1005 3682 1102 3771 culpa
1134 3684 1167 3753 in
1201 3693 1319 3754 terrum
1348 3684 1398 3751 in·

185 3804 309 3873 rasisse
332 3802 512 3879 uidebatur,
543 3802 640 3872 iliae
671 3800 790 3891 Pythio
814 3801 926 3889 jussus
957 3809 1076 3871 terrum
1112 3821 1284 3892 quaerere,
1314 3822 1397 3892 quae

120 3952 132 3979 ·
181 3933 258 4011 prust
280 3941 388 3990 oscam
413 3922 540 3990 domum
564 3920 681 3991 motuis
704 3922 820 3990 emari
842 3922 1038 4007 emersisset,
1054 3920 1282 3991 adacturum
1298 3924 1396 4004 veuit,

181 4042 235 4130 qui
259 4060 317 4129 per
347 4040 541 4111 alluvionem
570 4048 689 4111 terram
726 4047 925 4127 aggesserat.
970 4040 1031 4109 Ubi
1054 4047 1267 4129 posteaquem
1291 4040 1394 4113 Oulir-

178 4161 288 4229 rboeu.
301 4157 436 4230 Acheloi
460 4159 569 4244 fllium,
591 4160 695 4238 duxit,
718 4158 759 4227 ab
784 4160 897 4229 eadem
921 4165 1054 4246 rogatur
1076 4166 1113 4229 ut
1133 4166 1279 4248 torquem
1302 4158 1392 4229 iiiam

176 4279 238 4348 sibi
261 4280 375 4357 donetr
399 4279 439 4347 ari
463 4298 558 4369 quum
581 4277 779 4349 afferendum
803 4276 968 4367 Psophide
990 4280 1172 4349 reuertitur.
1195 4278 1296 4361 Quum
1320 4297 1391 4349 oum

5 4424 27 4453 ν
174 4398 359 4487 Apollinem
384 4397 505 4487 petisse
529 4397 740 4477 simularant,
764 4396 804 4467 ab
827 4417 928 4467 rrxore
951 4398 1106 4465 destituta
1126 4399 1261 4483 occipit:
1285 4401 1317 4466 in
1342 4419 1391 4465 ro-
