3210 4914
648 382 945 476 ..na-

194 532 315 627 editum
329 565 408 630 erat.
427 565 540 643 postea
554 564 658 622 autem
674 558 755 622 satis
769 559 823 622 diu
837 555 960 632 fabula,
975 553 1015 619 de
1029 542 1096 639 qua·
1108 554 1246 635 agimus,
1261 554 1409 635 neglecta

198 679 382 766 nuperrime
402 679 464 742 viri
495 675 676 742 doctissimi
698 674 967 754 Firnhaberus,¹t
993 670 1228 755 Koechlyus.²)
1247 673 1408 743 Bendire-

193 795 572 879 nius‚³tBuchholzius,⁴)
583 794 637 860 alii
650 796 766 861 mirum
778 799 933 881 quantum
945 792 1032 858 iuter
1043 813 1076 856 se
1088 793 1291 871 dissentiunt,
1303 797 1407 862 audeo

192 918 307 982 iterum
342 917 380 983 de
403 915 516 981 eadem
541 935 575 981 re
597 914 695 979 verbe
716 913 836 993 iacere,
869 933 933 978 non
955 912 1012 998 qui
1035 929 1118 976 nova
1139 911 1315 995 proferam,
1347 916 1406 981 sed

192 1042 229 1101 ut
260 1037 438 1101 sententias
477 1040 574 1099 antea
607 1032 753 1118 prolatas
786 1033 874 1097 inter
905 1051 939 1095 se
975 1049 1159 1115 comparem
1195 1032 1406 1122 omnibusque

192 1156 389 1220 examinatis
422 1155 576 1239 optimam
608 1155 775 1217 retineam.
838 1148 911 1215 Hoc
940 1153 1048 1215 autem
1080 1149 1215 1214 consilio
1251 1156 1405 1221 utendum

166 1274 272 1339 'milri
303 1273 431 1339 videtur
453 1293 534 1347 esse,
564 1279 600 1336 ut
623 1291 687 1336 uon
710 1269 858 1343 refutem,
889 1268 1047 1353 deinceps
1070 1268 1204 1333 aliorum
1228 1277 1406 1340 sententias

191 1393 250 1456 sed
274 1396 309 1457 ut
337 1395 447 1459 statim
481 1395 514 1457 in
535 1390 675 1457 mediam
698 1410 765 1453 rem
789 1389 1042 1471 ingressusque
1087 1406 1232 1472 quaeque
1254 1389 1327 1457 loco
1350 1414 1405 1460 oc-

192 1513 295 1576 currit
332 1512 505 1591 sententia,
538 1510 792 1575 eoexaminem.
850 1506 996 1591 Namque
1019 1505 1158 1591 priorem
1181 1507 1269 1574 illam
1293 1511 1404 1599 dispu-

191 1632 282 1695 tandi
305 1629 558 1710 viamingressis
580 1626 675 1693 facile
698 1626 830 1703 accidit,
851 1626 884 1690 id
907 1625 989 1711 quod
1014 1624 1104 1690 verbi
1127 1644 1226 1691 causa
1248 1630 1403 1698 neBuoh·

191 1748 317 1813 lrolzius
348 1747 480 1828 cuidem
510 1749 544 1812 in'
567 1747 792 1812 dissertatione
829 1742 1115 1830 praestantissima
1139 1745 1220 1810 satis
1243 1751 1339 1827 cavit,
1369 1759 1406 1818 ut

191 1866 320 1932 easdem
344 1886 396 1932 res
409 1868 528 1931 iterum
543 1876 639 1952 etque
661 1863 779 1929 iterum
803 1864 981 1949 proferant,
1005 1864 1155 1947 quoniam
1176 1884 1402 1955 vquemcunque

190 1987 386 2050 sententiam
397 1985 531 2055 refutas,
549 1983 627 2070 quid
640 1986 709 2069 ipse
724 1982 764 2047 de
779 1981 841 2047 hac
854 2003 888 2048 re
902 1981 1025 2046 sentias
1040 1981 1183 2066 explices
1198 2005 1327 2053 necesse
1343 1997 1401 2056 est.

273 2103 384 2191 ltaque
415 2124 488 2169 cum
519 2106 560 2169 ad
589 2102 722 2167 fabulae
756 2101 898 2166 indolem
933 2103 1189 2180 cognoscendam
1213 2105 1294 2169 nillil
1317 2111 1400 2174 antl-

188 2224 282 2308 quius
315 2224 462 2302 exsistat,
494 2242 590 2309 quam
620 2227 657 2286 ut
677 2238 834 2306 personas
866 2219 1018 2305 deinceps
1051 2223 1234 2287 accuratius
1257 2231 1402 2292 oontem-

188 2342 325 2427 plemur‚
347 2345 485 2430 primum
500 2362 569 2408 eam
584 2343 711 2428 quidem
725 2360 908 2427 personam,
930 2359 1031 2424 aqua
1043 2341 1104 2406 toti
1132 2341 1262 2409 fabulae
1284 2366 1402 2415 nomen

84 2511 87 2517 .
187 2460 327 2527 inditum
359 2473 424 2540 est,
452 2461 599 2527 Alcestin
629 2462 713 2538 dieo,
752 2460 858 2546 quivis
888 2459 1046 2525 concedet
1075 2460 1299 2543 dignissimam
1330 2488 1401 2534 esse

188 2581 364 2661 tragoedia.
418 2581 485 2659 Quo
509 2580 593 2647 enim
617 2585 667 2645 est
689 2599 798 2644 amore
820 2585 918 2663 atque
941 2576 1002 2644 fide
1026 2598 1105 2661 erga
1127 2581 1307 2664 conjugem,
1340 2607 1399 2674 pro

189 2705 250 2781 quo
273 2719 311 2763 ne
345 2702 426 2765 mori
450 2699 581 2785 quidem
603 2699 756 2779 deneget!
790 2718 854 2782 qua
874 2696 1065 2763 fortitudine
1083 2702 1397 2773 morteimminentel

189 2836 252 2900 qua
275 2819 395 2902 pietate
418 2819 593 2901 ergadeos,
615 2817 770 2883 comitate
791 2818 824 2881 in
848 2822 978 2881 servos!
1004 2836 1066 2902 quo
1089 2817 1207 2884 liberos
1230 2826 1399 2910 amplecti-

187 2944 240 3021 tur
262 2945 386 3003 amore!
419 2936 580 3023 Equidem
602 2957 665 3001 non
694 2934 807 3015 habeo,
839 2956 919 3021 quas
948 2935 1020 3002 huic
1042 2943 1235 3033 anteponam
1258 2942 1396 3010 aliarum

187 3054 425 3137 tragoediarum
440 3055 602 3121 mulieres.
633 3054 716 3120 Nam
740 3055 767 3119 si
790 3054 947 3119 nonnulla
960 3055 994 3119 in
1015 3074 1054 3121 ea
1075 3058 1291 3143 reperiuntur,
1314 3083 1397 3148 quae

185 3194 250 3238 non
281 3176 360 3240 satis
393 3175 422 3240 ei
444 3150 590 3240 mulieris
615 3173 725 3239 virtuti
757 3173 963 3245 conveniant,
997 3194 1092 3259 quam
1115 3196 1174 3242 nos
1194 3177 1242 3244 his
1267 3181 1397 3265 quidem

185 3292 385 3376 temporibus
418 3294 693 3378 perfectissimam
716 3295 868 3378 putamus
894 3311 978 3370 esse,
1000 3291 1087 3359 velut
1108 3296 1135 3360 si
1158 3296 1275 3363 iterum
1299 3308 1397 3388 atque

184 3410 302 3475 iterum
318 3432 357 3477 ne
372 3410 508 3477 alteram
528 3412 685 3492 vitginem
708 3413 743 3475 in
758 3412 1000 3476 matrimonium
1023 3412 1121 3477 ducat
1136 3434 1156 3478 a
1171 3417 1290 3483 marito
1314 3423 1397 3505 petit

183 3536 241 3595 aut
263 3530 291 3595 si
313 3532 452 3597 Admeto
475 3530 608 3613 gloriari
629 3530 727 3596 licere
748 3530 836 3608 dicit,
861 3532 1016 3616 optimam
1041 3531 1101 3596 sibi
1125 3533 1225 3600 fuisse
1248 3555 1395 3621 uxorem,

183 3644 304 3731 liberis,
346 3650 665 3744 praestantissimam
688 3650 867 3730 matrem),
890 3651 918 3714 si
941 3648 1080 3736 denique
1103 3670 1310 3742 quaecunque
1332 3658 1392 3743 pio

252 3866 276 3933 l)
293 3867 399 3922 Cenem.
417 3872 520 3925 dissert.
538 3869 705 3922 Glumience.
723 3870 849 3923 Zeitschr.
866 3870 911 3923 fiir
927 3870 982 3923 Au.
1002 3873 1067 3924 1837
1085 3889 1111 3939 p.
1130 3874 1189 3926 41⁷.

249 3968 276 4035 2)
292 3968 342 4021 Die
358 3971 473 4024 Alcestis
490 3973 537 4026 des
554 3972 616 4024 Eur.
632 3973 661 4024 in
677 3971 842 4025 Literarhist.
860 3971 1053 4026 Taschenbuch
1070 3974 1110 4027 ed.
1128 3972 1209 4029 Prutz
1229 3980 1303 4032 tert.

248 4071 275 4138 3)
292 4070 333 4123 De
349 4072 483 4126 Alcestide
500 4074 634 4141 Euripidis
651 4073 852 4126 Commentatio.
870 4073 985 4126 Altonae
1005 4078 1077 4128 1851.

246 4170 274 4239 4)
291 4150 484 4226 Commentatio
502 4175 535 4228 de
552 4175 687 4228 Alcestide
704 4175 855 4243 Euripides.
874 4174 1032 4230 Osnabruok
1051 4181 1124 4232 1864.

245 4291 273 4359 5)
289 4308 313 4343 v.
332 4295 381 4345 32⁸
398 4309 472 4361 squ:
488 4321 523 4333 -
538 4322 574 4335 -
590 4323 624 4334 -
639 4322 675 4333 -
690 4323 725 4333 -
743 4295 786 4348 καὶ
814 4295 854 4349 σοὶ
873 4297 933 4366 μὲν,
959 4297 1034 4360 πόσι,

489 4393 599 4467 γυναῖκ’
624 4395 736 4470 ἂρίστην
755 4392 813 4451 ἔστι
831 4395 971 4467 κομπάσαι
988 4400 1093 4462 λαβεῖν,

490 4496 552 4568 ὑμῖν
569 4499 606 4561 δἐ,
627 4500 730 4564 παῖδες,
749 4500 850 4572 μητρὸς
869 4498 1062 4565 ἐκπεφυκὶναι.
