3210 4914
665 335 961 400 ..26-

212 522 345 588 prorsas
367 503 472 587 bonus
493 505 552 570 eit:
576 499 646 569 ἔστι
670 503 705 607 de*
725 504 878 581 τοιοῦτος
898 505 915 572 ἁ
937 508 1025 596 μήτε
1047 505 1153 595 &parri
1174 506 1338 597 διαφέρων
1362 505 1417 573 καὶ

213 616 415 706 ἁκαιοσιίννρ,
443 624 532 711 μήτε
562 619 614 687 dmi
646 622 768 687 κακίαν
800 620 855 687 καὶ
887 625 1082 713 μοχθηρίαν
1116 623 1344 714 μεταβάλλων
1377 627 1419 705 είς

212 735 274 826 τὴν
307 738 493 826 δυστυχίαν
517 737 607 805 ἁλλὰ
631 739 670 805 δι’
692 742 859 831 ἁμαρτίαν
890 740 974 809 τινὰ.
1016 742 1110 810 Patet
1138 745 1238 828 igitur
1269 752 1416 832 oportere

211 856 294 939 „edu
317 856 426 927 καλῶς
446 855 573 945 ἔχοντα
595 860 707 949 μῦθον
730 857 858 925 ἁπλοῦν
881 853 963 924 εἶναι
985 859 1117 950 μᾶλλον
1139 857 1177 951 ἧν
1200 861 1415 932 διπλοῦν...
1493 946 1495 951 ,

214 973 270 1065 uui
293 974 524 1065 μεταβάλλειν
547 978 609 1044 οὐκ
632 981 674 1056 είς
696 977 860 1065 εὐτυχίαν
883 977 919 1043 ἐκ
944 979 1136 1067 δυστυχίας,
1161 978 1250 1045 ἁλλὰ
1274 981 1412 1048 ναιίνανὁ

212 1096 283 1161 τίον
312 1093 349 1175 ἐξ
377 1094 538 1182 εὐτυχίας
568 1100 609 1175 είς
638 1097 834 1185 δυστυχίαν,
868 1090 916 1188 μὴΙ
939 1097 991 1163 daci
1026 1101 1221 1187 μοχθηρίαν
1254 1097 1344 1165 ἁλλὰ
1375 1099 1414 1165 δι’

211 1214 377 1304 ἁμαρτίαν
402 1213 551 1305 μεγὰλρν
574 1213 594 1295 ἢ
619 1215 690 1283 σίου
713 1214 840 1306 είρρται
866 1214 886 1304 ἢ
908 1215 1080 1296 βελτίονος
1101 1215 1121 1306 ‘i
1143 1220 1301 1307 χείρονας.
1344 1219 1413 1298 Quo

211 1332 252 1399 de
276 1352 373 1399 causa
395 1333 499 1418 ipsum
522 1335 719 1420 Euripidem,
750 1339 826 1422 quia
852 1336 1011 1422 plurimae
1034 1337 1103 1421 ejus
1124 1319 1254 1404 fabulae
1285 1340 1411 1405 tristem
1444 1404 1452 1429 ,

212 1459 361 1517 eventum
385 1450 526 1520 habeant
547 1451 802 1540 τραγικώτατον
823 1464 989 1540 poetarum
1012 1455 1206 1523 Aristoteles
1228 1463 1347 1524 censet.
1369 1495 1413 1506 -

210 1569 270 1636 His
293 1571 360 1636 fere
394 1572 554 1656 expositis
575 1572 616 1639 ¹de
645 1571 774 1639 fabulae
809 1574 1043 1657 compositione
1064 1574 1262 1642 Aristoteles
1292 1576 1412 1644 transit

211 1690 253 1757 ad
274 1710 481 1776 personarum
504 1693 641 1774 ingenia,
665 1691 843 1778 dequibus
866 1697 1005 1777 quatuor
1029 1692 1115 1776 leges
1138 1694 1315 1760 servandas
1339 1713 1411 1760 esse

211 1808 301 1891 dicit,
331 1815 367 1876 ut
387 1810 453 1876 sint
479 1807 625 1898 χρηστὰ,
658 1807 882 1899 ἁρμόττοντα,
917 1805 1028 1900 ὅμοια,
1061 1807 1186 1900 ὁμαλαί.
1227 1811 1351 1879 Deinde
1373 1820 1412 1878 ut

210 1950 292 2015 quae
309 1930 354 1995 de
385 1929 548 2010 agnitione
581 1939 677 2015 alque
699 1931 739 1996 de
770 1929 1027 2012 traegoediarum
1061 1930 1236 2012 generibus
1267 1930 1410 2006 disserit,

210 2049 477 2135 praetermittam,
499 2048 534 2113 in
555 2046 703 2114 omnibus
724 2047 899 2130 tragoediis
931 2068 1063 2116 neeesse
1085 2068 1157 2116 esse
1178 2056 1210 2116 et
1231 2047 1343 2135 πλοκὴ
1365 2053 1411 2116 sit

208 2176 241 2236 et
262 2162 362 2245 λύσις.
380 2202 424 2239 ,-

268 2287 369 2372 illaec
391 2272 463 2350 sere
481 2291 565 2364 sunt,
587 2306 668 2370 quae
691 2284 918 2352 abAristotele
939 2266 1089 2352 maxime
1100 2292 1296 2372 premuntur.
1319 2286 1407 2366 Quae

208 2407 240 2472 iu
265 2405 427 2472 Alcestide
451 2412 579 2470 servata
601 2425 672 2471 esse
693 2406 789 2490 plane
811 2404 996 2486 negandum
1017 2405 1167 2471 arbitror.
1203 2406 1299 2471 Aetio
1322 2408 1406 2471 enirn

208 2527 345 2611 primum
371 2543 433 2588 noo
456 2524 585 2589 videtur
606 2544 670 2588 una
703 2543 788 2603 esse,
822 2525 877 2589 sed
904 2523 997 2601 duae,
1024 2525 1051 2588 si
1085 2525 1212 2608 quidem
1234 2525 1409 2591 Aristotele

208 2647 412 2710 auctorenon
434 2642 513 2708 satis
536 2650 594 2718 est,
617 2643 655 2708 de
677 2661 891 2727 unapersona
914 2641 976 2723 agi.
1008 2642 1093 2720 Quae
1115 2643 1254 2724 tandem,
1275 2663 1408 2728 quaeso,

185 2763 382 2859 ‘necessitas
404 2762 540 2827 interest
559 2763 643 2827 inter
663 2771 798 2826 mortem
822 2773 855 2827 et
876 2760 1017 2825 reditum
1033 2760 1234 2826 Alcestidio?
1256 2779 1297 2826 an
1318 2760 1403 2827 huno

206 2880 390 2946 necessario
419 2879 506 2944 illam
530 2881 618 2969 sequi
641 2887 757 2964 putas?
798 2900 903 2944 nonne
937 2880 1036 2961 igitur
1059 2881 1141 2944 duae
1164 2863 1406 2945 diversissimae

207 3000 350 3073 actiones
373 3005 471 3063 sunt?
515 2998 583 3063 Hoc
606 2999 730 3082 quidem
754 3000 906 3089 concedo,
929 3017 1029 3083 usque
1053 2999 1092 3063 ad
1116 3018 1242 3063 versum
1262 2997 1326 3063 475
1346 2998 1405 3063 Al-

206 3119 311 3211 cestin
333 3116 376 3183 ad
396 3116 595 3198 tragoediam
620 3136 719 3202 prope
751 3116 913 3194 accedere,
937 3136 1000 3202 qua
1020 3136 1094 3181 vero
1116 3115 1318 3182 describatur
1339 3136 1404 3181 una

206 3257 258 3304 ree
287 3238 442 3322 perfecta,
475 3254 555 3320 quae
577 3237 673 3300 etiarn
706 3235 960 3300 misericordiam
989 3239 1022 3301 et
1044 3242 1161 3300 metum
1192 3242 1407 3315 commoveat,

205 3376 345 3442 persona
359 3357 481 3421 'autem
519 3354 688 3434 tragoedia
710 3354 907 3436 dignissima.
958 3353 1037 3421 Cum
1059 3374 1135 3419 vero
1157 3351 1204 3418 illi
1226 3372 1340 3419 versus
1362 3373 1404 3417 ne

206 3474 372 3541 dimidiam
405 3473 533 3558 quidem
565 3474 664 3539 totius
695 3472 826 3539 fabulae
843 3481 970 3558 partem
992 3471 1153 3558 expleant,
1183 3471 1242 3537 hoc
1262 3473 1401 3557 primum

204 3594 433 3679 impedimento
455 3600 515 3670 est,
537 3593 705 3676 quominus
727 3580 923 3670 tragoediam
947 3611 1017 3657 earn
1040 3597 1190 3676 putemus
1212 3610 1292 3669 esse,
1316 3590 1401 3675 quod

203 3719 279 3800 post
299 3711 474 3787 Alcestidis
502 3717 636 3776 mortem
671 3729 724 3775 res
753 3709 849 3794 plane
871 3729 954 3776 nova
989 3708 1182 3799 depingitur,
1212 3729 1293 3793 quae
1312 3708 1401 3774 nulla

205 3832 398 3897 necessitate
421 3848 492 3896 cum
515 3829 679 3915 superiore
703 3837 795 3915 parte
816 3847 940 3894 conexa
961 3836 1019 3893 est.
1064 3828 1155 3906 Quod
1178 3828 1305 3913 quidem
1328 3830 1398 3914 ipse

202 3950 403 4016 Hermannus
418 3947 574 4027 concedit,
597 3947 759 4013 cumillud
780 3949 812 4012 io
834 3953 1020 4029 argumento
1043 3945 1138 4011 valde
1162 3947 1398 4011 incommodum
1426 3960 1438 3976 ·

203 4089 272 4135 esse
295 4068 385 4149 dicit,
407 4067 490 4152 quod
508 4066 587 4132 haee
610 4087 672 4131 non
697 4067 877 4143 udinesed
901 4065 1033 4131 duarum
1057 4066 1237 4130 fabularum
1260 4064 1398 4130 materia
1492 4140 1500 4152 ὁ

202 4191 253 4272 sit,
283 4205 416 4272 quarum
446 4185 547 4251 altera
575 4184 695 4251 obitum
717 4185 903 4263 Alcestidis,
938 4184 1040 4252 altera
1061 4187 1199 4252 reditum
1222 4184 1262 4249 ab
1285 4184 1397 4250 inferis
1454 4190 1462 4233 ἰ

199 4307 373 4373 contineat.
416 4302 605 4389 Euripidem
627 4322 712 4381 vero,
747 4322 819 4370 eum
841 4305 925 4370 sieut
947 4305 1045 4370 ceteri
1067 4304 1263 4371 Graecorum
1284 4309 1401 4389 poetae

199 4426 316 4507 tragici
336 4423 442 4507 magis
461 4423 610 4506 senserit,
640 4441 734 4507 quam
758 4421 899 4502 sciverit,
922 4424 998 4508 quid
1021 4428 1106 4491 esset
1127 4420 1307 4504 tragoedia,
1328 4440 1398 4487 orn·
