3210 4914
193 606 310 675 Tamen
334 611 480 694 quamvis
503 607 652 694 Euripidi
675 632 738 675 non
763 612 872 677 tradas
894 613 1047 698 palmam,
1071 636 1132 679 non
1155 622 1212 697 est,
1235 637 1291 680 our
1306 614 1403 702 plane

193 746 264 794 eum
288 726 421 805 abicias,
440 729 472 793 id
496 730 581 813 quod
600 729 742 795 nonnulli
761 731 915 798 fecerunt
941 732 1023 810 Quid
1043 737 1138 819 quod,
1162 743 1197 799 ut
1217 736 1401 821 exemplum

190 845 334 925 afferam,
357 845 434 911 Iean
456 845 536 911 Paul
559 847 601 912 ad
624 866 694 911 eam
714 849 830 931 judicii
854 851 1057 935 iniquitatem
1082 849 1240 939 per'uenit,
1266 861 1302 919 ut
1326 857 1403 919 haec

191 964 230 1030 de
253 985 291 1030 eo
314 964 416 1030 faciat
437 967 551 1031 verba:
595 967 850 1051 „Aristophanes
882 969 964 1035 lasst
985 973 1045 1035 wie
1069 975 1119 1037 ein
1154 972 1261 1038 Moses
1290 974 1401 1039 seinen

189 1082 409 1165 Fruschregen
432 1084 490 1150 auf
509 1085 571 1149 den
592 1084 764 1170 Euripides
797 1107 857 1151 nur
879 1109 935 1153 aur
966 1090 1073 1156 Strafe
1106 1093 1212 1157 seiuer
1244 1090 1401 1158 schlaffen

188 1201 255 1267 und
278 1200 531 1267 erschlaffenden
553 1202 753 1272 Sittlichkeit
774 1205 882 1275 fallen,
906 1211 1046 1290 ueniger
1075 1209 1247 1275 bestochen
1270 1213 1318 1276 als
1340 1213 1399 1278 So-

187 1323 298 1387 krates
321 1342 381 1387 von
405 1323 520 1387 dessen
543 1322 807 1408 Sittensprsrohen
832 1326 881 1390 bei
903 1326 1138 1393 norwaltender
1152 1327 1398 1397 Unsittlinlrkeit

187 1440 231 1503 im
255 1441 431 1508 Ganzen“?
475 1445 519 1507 At
536 1463 576 1507 ne
598 1462 653 1507 eos
676 1444 806 1528 quidem
829 1453 914 1510 recte
939 1445 1138 1528 judicavisse
1168 1447 1317 1527 arbitror,
1340 1451 1397 1535 qni

185 1554 381 1649 Euripidem,
402 1560 435 1626 id
459 1562 544 1647 quod
574 1559 642 1650 fieri
672 1561 764 1641 solet,
796 1570 832 1628 ut
860 1564 995 1646 gloriam
1027 1564 1096 1648 ejus
1126 1566 1167 1632 ab
1200 1566 1396 1634 adversariis

185 1683 403 1758 defenderent,
432 1681 644 1746 immoderate
667 1680 709 1745 ad
739 1680 861 1747 caelum
894 1684 1078 1750 extulerunt
1101 1687 1281 1771 omniaque,
1312 1707 1395 1772 quae

184 1803 325 1889 scripsit,
347 1800 493 1888 perlecta
515 1804 611 1885 atque
633 1799 784 1865 absoluta
805 1821 876 1867 esse
900 1811 1106 1870 censuerunt.
1138 1804 1201 1870 Sed
1224 1824 1323 1870 aurea
1337 1804 1396 1870 illa

182 1922 390 1988 mediocritas
413 1925 448 1984 ut
464 1919 657 2003 saepissime
678 1921 726 1984 ita
747 1920 780 1984 in
803 1918 999 2008 hacqnoque
1022 1942 1057 1987 re
1081 1924 1241 1989 seruanda
1257 1926 1393 2002 videtur,

183 2040 268 2127 quod
289 2049 397 2109 tamen
420 2039 551 2135 uberius
574 2058 735 2124 exponere
758 2039 806 2104 ab'
822 2038 881 2104 hae
894 2041 1122 2107 dissertatione
1136 2042 1275 2109 alienum
1291 2055 1349 2109 est.

265 2195 407 2261 Utvero
430 2193 558 2278 inipso
588 2200 695 2281 poeta,
731 2194 778 2258 ita
799 2195 831 2258 in
864 2194 1003 2275 singulis
1027 2215 1153 2282 quoque
1182 2195 1300 2262 fabulis
1323 2196 1393 2281 ejus

180 2314 397 2399 dijudicandis
419 2315 536 2377 mirum
560 2318 715 2397 quantum
738 2313 821 2378 inter
843 2332 877 2378 se
900 2313 1023 2380 distent
1051 2314 1192 2380 uirorum
1222 2317 1390 2381 doctorum
1460 2382 1463 2387 ,

180 2435 378 2513 sententiae,
411 2430 497 2518 quod
519 2450 591 2496 cum
613 2432 647 2495 in
677 2430 749 2495 aliis
772 2430 891 2498 fabulis
925 2433 1012 2498 cerni
1046 2441 1164 2520 potest,
1195 2440 1261 2500 tum
1284 2436 1317 2499 in
1342 2455 1391 2507 ea,

180 2574 276 2641 quam
299 2552 455 2635 singulari
478 2550 617 2637 quadam
639 2548 749 2614 indole
772 2569 843 2615 ease
866 2556 1003 2630 constat,
1034 2553 1105 2619 dico
1127 2553 1285 2620 Alcestin.
1329 2554 1390 2620 At-

164 2684 240 2760 'que
263 2691 334 2738 cum
357 2668 455 2736 etiam
478 2688 564 2735 nunc
587 2670 739 2753 maxime,
762 2668 847 2734 inter
869 2688 904 2734 se
926 2670 1123 2737 dissentiant
1156 2673 1217 2737 viri
1239 2672 1327 2738 docti
1349 2673 1390 2741 de

177 2791 353 2860 Alcestidis
375 2788 483 2855 indole
505 2792 538 2854 et
559 2792 686 2866 natura,
719 2805 838 2871 operae
866 2788 1007 2874 pretium
1036 2788 1165 2856 videtur
1195 2810 1278 2869 esse,
1307 2812 1390 2858 non·

177 2911 266 2978 nulla
288 2909 327 2974 de
352 2908 410 2974 illa
430 2907 542 2973 fabula
564 2906 732 2972 disserere.
1315 2971 1321 2978 ‚

155 3071 161 3084 ·
260 3031 305 3096 Ut
326 3027 426 3110 igitur
448 3027 556 3092 ordiar
576 3025 617 3092 ab
640 3045 679 3092 ea
700 3045 735 3091 re
758 3028 960 3112 exponenda,
983 3047 1066 3115 quae
1087 3027 1265 3113 plurimum
1284 3028 1388 3097 valuit

175 3151 215 3215 ad
235 3150 395 3233 judicium
417 3147 457 3211 de
479 3144 643 3210 Alcestids
676 3146 948 3231 constituendum,
978 3145 1016 3212 G.
1039 3145 1265 3226 Dindorfius¹)
1297 3148 1387 3231 frag-

174 3275 318 3335 mentum
341 3264 501 3352 quoddam
524 3263 756 3330 didascalieum
776 3267 918 3331 caudice
936 3263 1094 3332 Vaticano
1108 3266 1134 3345 ²)
1158 3268 1385 3358 depromptum

241 3543 267 3610 1)
283 3539 415 3607 Euripidis
425 3536 554 3604 'Mesatis
588 3537 631 3589 ad
648 3538 765 3593 cofficem
781 3537 941 3590 Vaticanum
963 3540 1098 3591 recensuit
1114 3538 1263 3592 Guilelmus
1273 3540 1385 3593 Dindor·

171 3648 230 3698 lius.
248 3642 343 3695 Oxonii
359 3636 605 3692 Mucccxxruv.

239 3746 265 3813 2)
281 3745 427 3798 Vaticanus
444 3742 536 3806 codex,
557 3758 573 3793 a
590 3742 755 3796 Kirehlrolfio
773 3744 862 3795 littera
879 3742 901 3794 B
918 3742 1091 3812 significatus,
1119 3742 1147 3794 in
1165 3742 1312 3810 antiquiore
1329 3759 1384 3796 me·

170 3848 289 3917 lioreque
305 3844 439 3913 Euripidis
457 3843 576 3896 codicum
599 3844 691 3897 ordine
714 3845 860 3913 prinoipem
883 3845 970 3898 locum
993 3847 1073 3897 tenet.
1106 3841 1258 3909 Praeterea,
1281 3848 1311 3896 ut
1333 3845 1384 3898 hoc

168 3951 261 4020 paucis
277 3946 365 4000 verbis
381 3946 519 4015 attingam,
544 3946 659 3998 Alcestis
677 3952 765 3998 exstat
780 3948 809 3998 in
826 3948 915 4003 codice
932 3946 1081 3999 Hanniansi
1098 3940 1129 4014 (0
1147 3944 1218 4013 apud
1242 3922 1404 3999 Kirchhoi-⁸

166 4054 247 4116 lium),
266 4050 311 4118 qui
326 4048 447 4116 proxime
464 4047 499 4098 ad
515 4046 639 4098 Vaticani
656 4048 748 4099 laudas
766 4048 874 4112 accedit,
891 4049 920 4100 in
930 4047 1053 4101 Parisino
1070 4047 1108 4116 (a)
1126 4046 1262 4116 tribusque
1274 4048 1383 4100 Floren-

166 4154 228 4206 tinis
245 4152 280 4220 (b,
297 4166 319 4214 c,
338 4150 372 4217 d),
390 4149 435 4217 qni
452 4163 544 4201 omnes
561 4164 595 4200 ex
613 4149 736 4216 exemplo
752 4165 848 4201 novam
872 4148 979 4202 fabulas
1003 4150 1143 4217 complexo
1169 4149 1282 4202 derivati
1305 4154 1382 4216 sunt;

166 4254 303 4310 deterioris
318 4256 398 4303 notae
415 4249 518 4302 codices
536 4264 570 4301 ex
587 4251 709 4317 exemplo
726 4250 891 4317 undeuiginti
908 4250 951 4301 vel
968 4251 1049 4303 etiam
1072 4251 1163 4318 plures
1188 4249 1294 4305 fabulas
1312 4266 1383 4302 oom-

164 4357 245 4424 plexo
262 4353 374 4406 derivati
390 4357 417 4404 et
432 4352 484 4419 ipsi
502 4351 622 4431 ¹Alcestin
639 4352 781 4415 continent,
801 4352 841 4404 ita
863 4354 977 4439 tamem..
987 4354 1017 4404 nt
1032 4352 1061 4402 in
1090 4351 1238 4420 Harlcjano
1254 4351 1299 4419 (A)
1316 4352 1384 4404 nihil

162 4457 215 4509 ursi
232 4473 294 4525 pars
310 4453 418 4506 lebnlae
434 4453 496 4514 inda
514 4470 530 4505 a
549 4469 626 4504 varan
645 4456 708 4503 1031
728 4457 821 4518 exstet,
840 4456 896 4505 tota
912 4452 1006 4504 fabula
1023 4452 1124 4519 scripta
1151 4453 1187 4523 sit
1203 4453 1230 4503 in
1247 4453 1382 4504 codicibus
1396 4497 1398 4503 ,

165 4557 285 4609 Palatino
303 4556 348 4626 (Β)
366 4555 630 4623 erammutham).
