3210 4914
673 387 716 400 ...
799 350 966 418 ³8.-

214 521 374 618 certarnen
395 518 479 582 inter
500 496 653 601 conjuges
677 521 718 586 de
739 528 844 590 morte
864 544 923 611 pro
946 524 1046 592 altero
1072 527 1248 611 subeunda,
1279 535 1416 625 mortem

212 631 348 719 denique
376 634 564 701 Alcestidis.
587 673 625 685 -
650 637 807 717 Quoniam
839 662 913 710 vero
934 642 1104 729 Euripides
1133 653 1246 732 quarto
1279 646 1415 715 tetralo-

212 754 285 834 giae
307 751 377 818 loco
402 753 505 819 noluit
526 759 729 837 tragoediam
758 760 900 826 scribere
932 763 1056 828 animos
1090 766 1304 849 spectantium
1327 784 1415 832 ccm-

212 878 391 937 moventem
415 910 452 923 -
477 872 561 939 hanc
583 881 691 947 autem
713 880 854 944 maxime
875 888 1103 968 commoturum
1122 882 1221 949 luisse
1237 883 1415 969 putandum

212 994 323 1055 et-
345 991 400 1056 sed
424 991 466 1056 ad
497 990 697 1059 hilaritatem
722 1015 777 1062 eos
799 1000 918 1063 sensim
949 997 1117 1066 deflectere
1145 1001 1207 1067 sibi
1236 1003 1414 1088 proposuit,

211 1106 271 1173 hoc
290 1109 411 1195 mytho,
433 1109 480 1176 ita
502 1116 537 1176 ut
559 1113 779 1199 exposuimus,
809 1135 874 1180 non
903 1119 1006 1203 potnit
1037 1119 1095 1184 uti.
1138 1117 1350 1196 Quamobrem
1376 1125 1417 1187 ιιι

211 1226 370 1297 tragicam
394 1229 461 1312 ejus
485 1232 548 1295 vim
573 1232 740 1314 deleniret,
774 1241 807 1300 et
830 1236 999 1301 materiam
1021 1237 1068 1302 ita
1097 1238 1259 1314 tractavit,
1281 1243 1318 1304 ut
1340 1257 1412 1325 spe·
1513 1226 1516 1231 ἢ
1593 1256 1594 1275 ’

211 1353 353 1414 ctatores
375 1352 479 1415 morte
499 1347 679 1419 Alcestidis
707 1351 817 1418 dolere
846 1351 952 1420 affecti
980 1354 1123 1438 ejusdem
1156 1356 1262 1422 reditu
1294 1356 1415 1439 gaudio

212 1473 498 1534 courmnverentur.
521 1477 553 1534 et
574 1488 789 1555 personarum
813 1472 1060 1559 descriptionem
1083 1473 1176 1556 longe
1204 1474 1297 1541 aliter
1317 1476 1423 1541 insti*

212 1588 284 1668 tuit,
307 1607 402 1673 qnam
426 1607 508 1673 quae
537 1589 726 1670 tragoediae
747 1598 824 1674 apta
846 1595 940 1656 esset.
985 1591 1158 1657 Alcestidis
1193 1594 1277 1658 enim
1311 1592 1413 1659 solius

210 1706 352 1773 muribus
373 1725 439 1770 non
461 1708 595 1772 mutatis
618 1708 791 1773 Admetum
813 1708 913 1774 talem
935 1729 970 1774 se
995 1710 1150 1796 praebere
1171 1711 1284 1788 uoluit,
1306 1717 1342 1777 ut
1362 1715 1411 1780 in-

211 1825 396 1907 agnatione
418 1832 626 1911 superaretur
659 1829 872 1911 spectantium
901 1827 1080 1894 animorum
1109 1831 1300 1906 commotio;
1329 1830 1413 1896 Her·

211 1944 312 2010 culem
340 1942 456 2009 deinde
484 1963 551 2009 non
581 1945 685 2020 sulum
718 1942 848 2011 heroem
876 1946 1099 2030 fortissimum,
1130 1949 1186 2014 sed
1214 1948 1313 2014 etiam
1345 1950 1411 2014 vini

210 2064 468 2128 amantissimum
498 2063 662 2153 depinxit3
685 2065 790 2128 rixam
812 2063 898 2129 illam
913 2064 1049 2130 inseruit
1064 2084 1102 2131 eo
1117 2068 1317 2153 potissimum
1333 2086 1412 2132 con·

210 2181 293 2258 silio,
315 2185 352 2246 ιιι
371 2179 598 2262 Athenienses,
620 2202 699 2269 quos
723 2182 879 2265 ejusmodi
901 2184 1164 2250 altercationibus
1191 2186 1332 2251 maxime
1354 2184 1411 2251 de·

209 2299 345 2366 laetatos
370 2320 439 2365 csse
461 2308 600 2383 constat,
622 2301 787 2388 voluptate
816 2302 952 2388 quadam
985 2301 1182 2387 afficeret;¹)
1214 2308 1410 2388 postremam

210 2419 347 2505 deniqne
369 2432 494 2505 partem
515 2420 562 2484 ita
594 2411 744 2500 instituit,
774 2425 810 2485 ut
838 2420 994 2486 Hercules
1024 2440 1086 2486 non
1119 2422 1229 2486 statim
1260 2420 1412 2487 redderet

209 2539 349 2603 Admeto
373 2558 516 2615 urrerem,
538 2538 596 2603 sed
615 2537 725 2621 jocose
757 2538 934 2620 simularet,
966 2541 1170 2625 peregrinam
1202 2538 1367 2604 mulierem
1390 2553 1439 2604 a·

209 2676 244 2724 se
266 2656 393 2722 adduci.
413 2692 455 2705 -
477 2656 631 2722 Omnibus
652 2661 759 2723 tamen
782 2656 831 2722 his
854 2659 948 2722 rebus
970 2664 1098 2743 poetam
1120 2677 1184 2722 nun
1200 2657 1342 2742 potuisse
1362 2655 1409 2723 el-

207 2775 317 2855 ficere,
346 2779 381 2840 ut
401 2773 483 2839 hanc
516 2774 657 2841 fabulam
685 2774 864 2856 legentibus
895 2775 1108 2852 satisfaceret,
1139 2775 1433 2869 demonstravisse

210 2893 288 2960 mihi
309 2894 429 2959 videor.

295 3011 383 3090 Quae
405 3031 474 3076 cnm
498 3013 545 3076 ita
566 3013 640 3082 sint,
662 3013 720 3078 hoc
738 3012 955 3096 judicabimus
972 3011 1199 3092 deAlcestide,
1220 3010 1406 3098 Euripidem

209 3129 349 3195 uoluisse
370 3128 482 3194 fabula
498 3129 647 3215 quadam,
670 3151 763 3216 qnam
777 3131 948 3197 vernacula
969 3131 1079 3213 lingua
1100 3129 1326 3216 ‚,Schauspiel“
1349 3148 1408 3214 ap·

208 3247 332 3333 pellere
353 3247 504 3330 solemus,
526 3256 740 3333 spectatorum
764 3251 888 3316 animos
910 3250 1055 3316 turbatos
1076 3247 1109 3312 in
1131 3248 1292 3331 integrum
1313 3248 1407 3314 resti-

209 3373 308 3438 tuere,
330 3364 413 3431 mele
436 3387 511 3432 uero
535 3387 604 3432 eam
627 3370 792 3435 materiam
816 3368 962 3450 elegisse,
993 3386 1072 3453 quae
1102 3366 1287 3449 tragoediae
1318 3384 1406 3431 oom-

209 3485 375 3570 ponendae
397 3485 503 3570 aptior
525 3492 620 3566 esset,
642 3506 737 3572 qnam
760 3485 917 3570 ejusmodi
938 3484 1077 3551 fabulae.

292 3600 445 3689 Quisquis
467 3605 550 3669 enim
576 3613 714 3670 veterem
739 3604 919 3671 fabularum
944 3603 1137 3670 edendarum
1168 3603 1329 3669 rationem
1349 3603 1405 3667 de-

208 3720 352 3798 serebat,
386 3723 484 3787 etiam
515 3724 711 3805 argumentis
742 3719 835 3789 novis
866 3724 913 3789 uti
946 3722 1100 3795 debebat,
1136 3721 1221 3808 quod
1254 3722 1406 3807 quoniam

207 3837 377 3939 Euripides
408 3842 642 3927 praetermisit,
681 3861 751 3907 eam
789 3841 933 3907 fabulam
962 3839 1160 3928 composuit,
1193 3859 1273 3926 qnae
1302 3857 1404 3923 neque

276 4078 300 4147 1)
317 4077 393 4138 Quod
409 4079 434 4132 ei
449 4095 574 4148 prospere
590 4080 694 4133 ridetur
710 4083 836 4146 evenisse,
853 4082 875 4133 ui
892 4080 997 4150 quidem
1014 4096 1047 4132 ex
1064 4095 1095 4132 eo
1113 4079 1232 4131 conicere
1247 4076 1317 4140 licet,
1334 4075 1406 4143 quod

207 4183 247 4233 tir
264 4181 356 4234 doctus
373 4182 481 4249 quidam
497 4182 592 4235 lecta
608 4183 789 4235 tantummodo
806 4184 858 4234 hcc
874 4181 1044 4234 altereatione
1063 4181 1160 4232 mirum
1184 4181 1310 4248 quantam
1335 4176 1406 4227 dele·

206 4285 348 4339 ctctionem
364 4284 460 4336 hausit.
494 4283 675 4336 Wakefieldus
691 4284 761 4336 enim
779 4283 846 4335 nihil
862 4282 967 4336 recondi
983 4286 1102 4335 veterum
1118 4282 1286 4333 venustatum
1299 4279 1406 4329 theseu-

206 4389 243 4441 ris
251 4388 322 4452 dicit,
339 4386 480 4456 qundhnio
495 4387 570 4438 rixae
586 4385 714 4454 praeponi
735 4385 839 4448 debeat,
856 4400 924 4452 qnae
939 4384 967 4435 in
984 4383 1104 4435 omnibus
1119 4396 1247 4449 perquam
1263 4376 1404 4430 admirabi-

206 4494 239 4545 li·
257 4491 291 4545 sit
307 4492 334 4542 et
350 4504 404 4556 qne
419 4487 464 4539 rix
481 4487 622 4554 perfectius
640 4485 739 4556 aliquid
756 4485 790 4537 ab
807 4484 929 4538 humenis
944 4486 1044 4553 ingenii
1053 4482 1189 4536 conatibus
1202 4480 1303 4548 sperari
1318 4481 1412 4546 quent.

1588 4388 1594 4483 l
