3210 4914
216 575 303 661 pidis
325 576 497 643 consilium
515 575 623 653 fuerit,
646 575 682 642 ur
707 577 811 641 uirum
832 575 925 642 illum
946 576 1165 643 fortissimum
1181 577 1435 645 Atheniensibus

218 695 311 782 quasi
335 703 409 760 ante
433 696 543 771 oculos
565 701 701 782 poneret
722 716 786 761 uon
809 694 947 760 audeam
971 696 1159 780 dijudicare.

305 850 374 916 Has
408 855 478 916 tres
498 851 597 933 igitur
620 850 759 927 fabulas,
783 870 918 936 quarum
942 857 1135 930 argumenta
1157 851 1257 917 modo
1282 853 1435 937 exposui-
1477 826 1479 830 ι

217 989 300 1045 mus,
332 978 444 1035 secuta
474 976 524 1035 est
546 969 698 1040 Alcestis,
730 988 825 1054 qnam
859 968 952 1033 nobis
982 974 1147 1035 servatam
1172 989 1246 1035 esse
1271 991 1308 1035 eo
1330 973 1434 1052 magis

217 1088 408 1170 gaudemus,
439 1089 536 1175 quod,
565 1094 601 1154 ut
630 1089 714 1154 infra
736 1087 933 1161 docebimus.
962 1107 1001 1151 ea
1021 1087 1132 1152 indole
1157 1092 1219 1170 est,
1249 1090 1340 1155 utin
1363 1088 1436 1153 nnl-

217 1207 282 1273 lnm
306 1215 486 1274 ceterarum
508 1207 691 1273 fabularum
714 1226 815 1288 genus
829 1205 934 1272 inseri
955 1209 1073 1293 possit·
1104 1206 1157 1273 De
1179 1228 1248 1293 qna
1269 1206 1318 1273 ita
1340 1180 1434 1271 nobis

218 1327 441 1393 disserendum
474 1326 613 1408 videtur,
648 1331 684 1391 ut
714 1327 853 1412 primum
886 1324 925 1391 de
949 1327 1060 1411 mytho
1083 1325 1232 1392 breviter
1252 1326 1434 1411 loquamur,

217 1466 282 1532 quo
305 1444 476 1532 Euripides
504 1446 539 1511 in
573 1443 687 1511 fabula
717 1445 941 1529 componenda
963 1465 1040 1511 usus
1064 1454 1125 1523 est,
1161 1446 1280 1512 deinde
1304 1446 1435 1512 fabulae

218 1565 321 1650 ipsius
356 1569 582 1647 argumentum
615 1583 812 1641 enarremus,
844 1582 1037 1649 quaeramus
1073 1562 1225 1650 deniqne,
1264 1565 1344 1651 quid
1373 1567 1437 1632 sibi

218 1684 357 1750 uoluerit
383 1674 483 1770 poeta
505 1682 538 1749 in
559 1681 726 1749 Alcestide
749 1682 935 1757 scribenda,
958 1682 1037 1768 quid
1060 1703 1135 1749 vero
1161 1666 1373 1770 nobisipsis
1396 1683 1437 1749 de

218 1823 259 1868 ea
282 1804 326 1869 sit
343 1802 565 1885 judicandum.

304 1955 435 2044 Mythus
463 1954 644 2038 igitur·.hic
665 1956 733 2022 fere
756 1962 816 2036 est,
850 1956 956 2041 qualis
978 1956 1072 2023 nobis
1094 1956 1238 2023 traditur
1264 1957 1307 2023 ab
1331 1956 1436 2042 Apol-

218 2075 342 2155 lodoro,
375 2074 513 2161 Hygino,
547 2059 698 2145 Zenobio,
727 2073 811 2151 aliis,
833 2095 913 2161 quos
935 2075 1178 2142 accuratissime
1200 2075 1381 2158 Pllugkius
1403 2075 1437 2139 in

218 2197 372 2263 editionis
396 2194 476 2261 suae
497 2193 662 2281 prooemio
686 2193 831 2260 contulit.

303 2364 421 2450 Apollo
444 2364 600 2451 Cyclopes
623 2369 751 2439 antsut
772 2363 829 2429 alii
851 2365 973 2443 dicunt,
996 2358 1170 2452 Cyclopum
1192 2367 1280 2432 filios
1304 2367 1437 2449 sagittis

219 2484 394 2562 occiderat,
418 2504 513 2566 aegre
530 2483 637 2549 ferens
659 2488 798 2549 mortem
810 2484 998 2569 Aesculapii
1021 2484 1088 2560 filii,
1111 2505 1131 2549 a
1155 2483 1230 2579 Iove
1254 2486 1435 2565 interfecti,

219 2603 305 2689 qnod
336 2623 402 2668 non
425 2603 520 2667 modo
543 2601 665 2670 morbis
687 2602 833 2668 omnibus
856 2604 1058 2685 medebatur,
1079 2605 1137 2670 sed
1161 2604 1263 2669 etiam
1289 2613 1436 2671 mortuos

220 2720 391 2787 nonnullos
418 2723 453 2786 in
482 2723 581 2787 vitam
604 2729 825 2788 revocaverat.
881 2721 982 2799 Quam
1008 2722 1049 2788 ob
1078 2706 1209 2788 causam
1234 2725 1356 2789 alove
1379 2745 1436 2788 an-

220 2842 374 2906 nnumin
397 2845 486 2907 terra
507 2839 806 2907 servitium'subire
825 2841 936 2925 jussus
958 2843 999 2906 ad
1022 2841 1207 2923 Admetum,
1229 2841 1382 2910 Pheretis
1405 2851 1437 2908 et

219 2959 391 3045 Clymenes
412 2957 524 3036 filium,
546 2979 580 3025 se
602 2959 741 3026 contulit
762 2959 804 3024 ad
824 2981 960 3046 poenam
983 2961 1224 3027 absolvendam.
1256 2959 1337 3027 Mox
1358 2981 1436 3027 uero

198 3077 310 3177 'apud
331 3098 404 3143 eum
419 3096 483 3143 non
506 3086 571 3144 tam
595 3081 677 3145 servi
702 3098 798 3164 quam
823 3081 918 3145 amici
942 3079 1047 3144 locum
1070 3081 1148 3145 deus
1175 3080 1359 3156 obtinebat,
1381 3080 1435 3165 qui

220 3197 479 3265 benevolentiam
507 3218 598 3263 suam
622 3198 652 3263 ei
674 3197 850 3283 praestitit,
874 3218 945 3263 oum
968 3197 1127 3264 Admetus
1148 3199 1312 3278 Alcestin,
1335 3198 1433 3263 filiam

219 3315 330 3383 Peliae
360 3322 457 3402 atque
487 3317 667 3389 Anaxibiae
696 3317 728 3381 in
751 3317 993 3382 matrimonium
1024 3318 1280 3403 concupisceret.
1327 3316 1433 3383 Pelias
1470 3321 1473 3330 '

218 3439 304 3502 enim
340 3434 503 3522 pollicitus
538 3441 609 3502 erat
638 3455 673 3500 se
701 3437 729 3501 ei
761 3435 861 3501 filiam
883 3435 1035 3501 daturum
1068 3456 1150 3517 esse,
1180 3438 1234 3521 qui
1258 3456 1378 3523 aprum
1401 3440 1434 3503 et

218 3556 345 3622 leonem
378 3575 475 3621 curru
494 3554 678 3637 junxisset;
714 3554 832 3642 Apollo
866 3554 965 3637 igitur
992 3554 1108 3621 bestiis
1130 3554 1265 3620 domitis
1289 3555 1432 3621 Admeto

216 3674 409 3741 facultatem
439 3674 530 3740 dedit
552 3673 730 3740 Alcestidis
754 3674 933 3740 ducendae.
953 3673 1026 3739 *Sed
1050 3695 1120 3739 cum
1144 3674 1242 3759 paulo
1265 3682 1344 3760 post
1366 3675 1436 3740 Ad*
1558 3726 1560 3731 ,

220 3800 315 3869 meto,
337 3794 511 3879 quippequi
530 3791 652 3858 Dianae
675 3794 756 3858 iram
780 3795 967 3865 excitasset,
990 3812 1009 3857 a
1030 3792 1098 3858 fato
1122 3794 1324 3859 destinatum
1347 3786 1435 3859 esset

221 3915 258 3976 ut
280 3911 350 3976 vita
372 3910 551 3990 decederet,
590 3916 722 3978 netum
746 3896 1018 3998 quidemApollo
1055 3913 1158 3977 amico
1193 3910 1309 3978 defuit.
1355 3911 1430 3977 Par-

221 4048 277 4095 cas
301 4028 385 4095 enim
408 4030 482 4096 dolo
518 4033 693 4097 commovit
729 4038 766 4096 ut
799 4030 848 4097 illi
882 4033 981 4098 vitam
1019 4030 1259 4108 coridonarent,
1298 4032 1326 4095 si
1361 4033 1432 4117 quis

219 4150 437 4236 reperiretur,
477 4150 533 4236 qui
563 4171 623 4237 pro
659 4170 696 4216 eo
726 4152 807 4216 mori
840 4158 973 4236 paratus
997 4157 1092 4216 esset.
1145 4149 1242 4215 Nullo
1265 4170 1345 4215 vero
1369 4147 1432 4214 alio

220 4270 362 4349 invento,
395 4271 449 4356 qui
484 4275 575 4336 tanto
600 4270 752 4336 beneficio
775 4269 950 4335 Admetum
994 4269 1164 4346 adficeret,
1194 4271 1268 4354 ipsa
1289 4268 1429 4334 Alcestis

216 4387 375 4454 fidissima
413 4410 497 4457 uxor
534 4391 630 4457 morti
663 4409 721 4475 pro
761 4409 798 4455 eo
837 4407 908 4454 sese
946 4387 1065 4454 obtulit
1103 4388 1218 4473 dieque
1252 4386 1431 4454 constituta

217 4507 359 4573 animam
391 4508 525 4574 efflauit.
569 4508 635 4575 Nec
673 4507 776 4574 defuit
812 4507 990 4592 praemium
1025 4512 1114 4572 tauto
1149 4525 1258 4571 amore
1291 4504 1434 4588 dignum.
