3210 4914
665 317 735 401 ..’
788 348 833 415 so
916 383 960 401 ..

212 513 385 589 volentem,
406 519 504 584 modo
528 537 677 585 seuerum
701 528 733 585 et
753 526 906 600 atrocem,
927 520 1023 585 modo
1044 521 1155 586 uxoris
1176 521 1417 608 amicorumque

211 637 306 701 modo
329 635 502 723 suiipsius
526 637 781 703 amantissimum
805 658 841 703 sc
863 638 1007 723 praebet.
1028 675 1069 689 -
1104 640 1186 719 Quid
1209 640 1329 722 igitur?
1359 639 1416 704 Al·

212 757 312 820 cestin
335 775 398 820 non
421 758 713 836 essetragcediam
736 776 841 822 nonne
869 765 1025 842 apparet?
1069 757 1181 844 ltaque
1203 757 1298 840 longe
1320 778 1340 824 a
1361 777 1418 823 re·

213 873 311 938 ritate
334 874 486 938 aberrare
508 874 709 941 censebimus
733 875 863 943 Godnfr.
887 875 1114 951 Hermannnm,
1151 868 1258 941 omnia
1279 897 1316 942 eo
1338 893 1417 941 con·

213 993 339 1077 spirare
357 991 527 1075 judicanti,
549 1000 585 1058 ut
608 991 661 1058 vel
682 995 856 1060 secundnm
880 996 913 1060 in
935 995 1109 1077 tetralugia
1136 992 1239 1060 locum
1270 993 1322 1060 vul
1350 999 1416 1061 ter-

213 1110 295 1176 tium
317 1112 462 1176 tenuisse
475 1110 612 1177 Alcestis
635 1113 791 1178 videatur.
836 1112 990 1198 „Utrique
1012 1114 1108 1192 enim,
1129 1114 1242 1198 inquit,
1264 1121 1341 1198 apta
1356 1116 1418 1178 est:

214 1230 356 1295 secundo
388 1237 518 1316 propter
546 1231 697 1295 eximiam
729 1250 933 1298 numerorum
968 1234 1196 1317 modorumque
1226 1232 1417 1296 suavitatem

216 1352 252 1413 et
273 1344 448 1427 mollitiem,
482 1350 578 1414 tertio
602 1355 736 1433 propter
757 1351 928 1415 terrificam
953 1353 1092 1436 speciem
1114 1350 1198 1428 Orci,
1228 1348 1418 1435 pallentem·

216 1484 280 1553 qne
306 1467 481 1548 imaginem
510 1468 649 1534 feminae
678 1469 719 1532 ab
740 1468 851 1533 inferis
882 1470 1020 1539 reducis,
1054 1488 1135 1554 quae
1166 1475 1255 1533 muta
1284 1470 1421 1532 adstans

219 1605 279 1651 nec
308 1588 400 1651 vivae
430 1585 553 1674 mulieri
582 1607 684 1671 neque
713 1586 846 1652 umbrae
878 1586 991 1651 similis
1019 1592 1101 1652 est“.
1146 1585 1237 1664 Quod
1262 1585 1420 1668 judicium

218 1723 319 1789 quam
336 1704 473 1770 alienum
498 1705 541 1769 sit
563 1725 583 1770 a
603 1724 691 1786 vero,
713 1723 784 1770 cum
808 1725 825 1769 e
846 1703 1026 1786 fragmento
1049 1704 1105 1769 illo
1136 1704 1333 1770 didascalico
1363 1722 1419 1789 pa·

217 1827 288 1887 tere
307 1823 374 1905 jam
398 1842 497 1907 supra
519 1824 771 1909 exposuerimus,
804 1842 888 1888 nuno
911 1843 952 1887 ex
974 1825 1048 1909 ipsa
1069 1843 1195 1908 quoque
1217 1823 1328 1890 tabula
1348 1843 1421 1908 per-

219 1940 368 2027 spicuum
394 1960 465 2006 esse
487 1941 717 2026 comprobasse
740 1942 833 2007 nobis
857 1941 1015 2007 videmur.
1059 1942 1198 2009 Cunctas
1215 1945 1298 2006 enirn
1321 1940 1426 2025 tragi-

220 2079 334 2125 corum
356 2058 599 2125 Atheniensium
624 2060 813 2141 tetralogias
837 2080 855 2126 e
876 2060 979 2125 ternis
1001 2060 1185 2142 tragoediis,
1214 2059 1349 2141 singulis
1371 2058 1422 2124 fa·

222 2177 306 2245 bulis
329 2178 480 2273 satyricis
508 2179 705 2263 compositas
736 2179 838 2245 fnisse
869 2179 954 2244 inter
986 2197 1097 2245 omnes
1129 2184 1267 2244 constat.
1309 2174 1426 2263 Itaque

223 2297 253 2362 si
274 2271 372 2383 poeta
394 2317 430 2362 eo
452 2296 624 2362 recedebat
645 2315 666 2362 a
686 2314 786 2375 more,
808 2303 843 2363 ut
866 2317 929 2363 non
952 2318 1073 2363 merum
1108 2298 1219 2363 drama
1249 2286 1424 2381 satyricum
1470 2342 1474 2349 .

223 2418 342 2494 ederet,
364 2423 478 2487 tamen,
495 2415 555 2481 noo
578 2434 704 2501 semper
726 2415 852 2481 videtur
874 2416 914 2482 ab
937 2415 1085 2482 omnibns
1107 2421 1270 2481 servatum
1287 2433 1368 2495 esse,
1390 2422 1429 2478 ut

226 2540 341 2623 quarta
362 2532 504 2600 fabulae
521 2533 669 2599 cothurni
690 2535 862 2601 severitate
886 2533 928 2599 ad
940 2533 1035 2600 socci
1048 2534 1211 2600 levitatem
1235 2532 1353 2599 sensim
1369 2533 1427 2598 de·

225 2654 376 2720 flecteret.
419 2653 526 2738 Atque
547 2651 580 2719 id
603 2652 731 2738 quidem
755 2655 852 2718 etiam
883 2652 1050 2719 Alcestide
1079 2651 1266 2738 Euripidem
1301 2650 1430 2717 eiicere

227 2772 368 2840 uoluisse
390 2791 461 2837 cum
485 2771 594 2837 multis
617 2770 688 2837 aliis
711 2770 840 2836 fabulae
862 2772 1007 2857 partibus
1031 2771 1259 2857 comprobatur
1279 2775 1347 2834 turn
1369 2788 1427 2834 ex·

228 2900 341 2969 trema,
363 2909 458 2975 quam
480 2909 522 2954 ns
542 2888 747 2955 Hermennus
770 2889 899 2975 quidem
921 2894 1020 2971 neg-at
1039 2909 1111 2955 cum
1128 2890 1287 2972 gravitate
1302 2895 1430 2971 tragoe-

225 3010 301 3081 diae
323 3009 490 3073 nonsatis
514 3008 694 3073 convenire.

313 3127 400 3206 Quae
422 3147 493 3193 cum
516 3126 564 3191 ita
583 3102 657 3204 sint,
680 3125 797 3191 mirum
820 3125 957 3204 videtur,
987 3126 1170 3192 etiamnunc
1197 3126 1285 3191 uiros
1316 3126 1431 3191 doctos

228 3246 376 3313 Alcestin
397 3246 439 3312 ad
460 3243 647 3310 cothurnum
671 3265 825 3311 revocare
847 3245 995 3320 studere;
1018 3263 1075 3310 nos
1098 3250 1187 3310 corte
1209 3264 1227 3310 e
1249 3245 1431 3327 tragoedia·

228 3384 363 3435 numero
386 3384 455 3431 eam
478 3363 709 3431 excludendam
731 3383 801 3430 esse
823 3363 1014 3440 tenebimus.

314 3483 359 3549 At
380 3501 420 3547 ne
442 3482 641 3549 comoediam
664 3482 793 3568 quidem
812 3483 959 3547 Alcestin
984 3499 1056 3547 esse
1077 3501 1117 3547 ex
1139 3483 1213 3566 ipsa
1234 3479 1362 3547 fabulae
1383 3461 1432 3544 in·

232 3602 305 3668 dole
327 3603 407 3668 satis
429 3601 568 3667 dilucide
588 3609 686 3686 patet.
730 3600 847 3666 lterum
882 3599 967 3665 enim
989 3598 1196 3665 Aristotelem
1227 3597 1434 3686 sequentibus

232 3720 293 3787 hoc
315 3721 519 3806 potissimum
540 3723 624 3789 inter
646 3719 845 3786 comoediam
869 3724 902 3784 et
922 3716 1122 3799 tragoediam
1145 3717 1317 3783 discrimen
1334 3718 1434 3781 inter-

234 3842 347 3908 cedere
374 3839 511 3920 videtur,
534 3840 616 3924 quod
639 3835 681 3923 „r‘q
705 3837 765 3927 μὲν
796 3834 939 3924 χείρους,
962 3833 984 3921 ἡ
1008 3834 1041 3899 δὲ
1072 3833 1230 3913 βελτίους
1258 3836 1437 3922 μιμεῖσθαι

233 3956 398 4041 βούλεται
422 3962 487 4026 τῶν
511 3959 585 4025 νῦν*
609 3962 650 4045 (c.
674 3960 726 4043 2);
761 3977 864 4043 neque
893 3975 968 4022 veru
1003 3957 1132 4023 omnino
1156 3954 1285 4022 sithoc
1319 3953 1438 4034 ualere,

235 4080 293 4148 sed
315 4080 483 4148 comoedia
510 4084 560 4145 est
593 4082 754 4169 „pr'pqorq
787 4076 901 4163 inquit,
924 4076 968 4162 (c.
990 4078 1025 4160 5)
1056 4070 1276 4162 φαυλοτέρων
1306 4072 1376 4163 μὲν,
1399 4067 1440 4136 ori

235 4198 461 4292 pe‘vroraoroi
491 4203 599 4266 educo
625 4199 758 4277 annino,
778 4193 867 4261 ἀλλὰ
891 4194 952 4261 τοῦ
983 4192 1136 4281 αἰσχροῦ,
1161 4179 1200 4258 οὗ
1224 4190 1292 4257 ἐστι
1315 4187 1354 4257 τὸ
1384 4213 1440 4275 γε·

238 4317 329 4386 Anius
358 4317 505 4410 po‘poov‘t
535 4318 663 4405 alioque
695 4317 766 4384 loco
790 4329 832 4393 tc.
855 4315 892 4394 4)
914 4317 953 4381 de
983 4311 1128 4387 Homero
1148 4300 1242 4378 dicit:
1288 4307 1355 4392 „rol
1383 4310 1445 4395 τῆς
1481 4380 1484 4385 ,

241 4437 415 4529 cappellae
434 4440 602 4529 σχήματα
630 4438 759 4526 ’πρῶτος
787 4426 967 4515 ὑπέδειξεν,
990 4430 1034 4498 ὀυ’
1057 4429 1181 4519 ψόγον,
1214 4415 1372 4494 ciliciae*
1391 4436 1447 4513 γε’·
1491 4415 1496 4430 '
