3210 4914
619 374 912 438 ...23-

161 549 248 627 dicit,
270 546 403 633 paulum
424 546 559 613 incaluit
579 548 664 624 vino,
693 565 752 611 nec
774 544 894 611 stolida
922 552 1017 631 atque
1040 545 1182 613 absurda
1209 547 1361 630 loquitur,

160 653 364 732 ut‘nonnulli
386 674 528 747 censent,
557 666 612 732 sed
635 683 717 751 quae
752 664 850 730 etiam
880 662 1010 729 sobrius
1032 662 1125 730 homo
1156 652 1286 743 sentiat,
1311 664 1366 748 qui

160 786 246 850 inter
267 786 380 850 mortis
403 782 547 869 pericula
576 785 676 849 vitam
706 802 805 864 agens
838 783 1022 867 praeseutia
1051 787 1176 848 tantum
1205 802 1264 848 sua
1293 800 1364 848 esse

161 902 338 985 intellegat.
381 901 505 981 Quodsi
526 903 554 968 is
577 904 635 977 vir,
658 902 712 987 qui
741 901 883 987 quotidie
905 901 938 966 in
961 901 1047 967 vitae
1078 899 1263 966 discrimine
1291 920 1364 966 ver·

161 1022 303 1095 sabatur,
325 1040 364 1087 aa
384 1021 584 1106 pronuntiat,
608 1019 778 1106 quaesere
800 1018 921 1086 eisdem
943 1019 1050 1085 verbis
1071 1018 1224 1087 Horatius
1253 1037 1362 1105 perse-

162 1141 314 1225 quitur:-
356 1221 357 1224 Ἴ

373 1309 455 1390 Quid
478 1309 522 1376 sit
542 1309 685 1376 futurum
708 1327 792 1390 cras,
814 1310 891 1390 luge
912 1327 1064 1394 quaerere
1086 1315 1119 1375 et

375 1427 475 1507 Quem
496 1427 565 1494 fors
587 1429 710 1495 dierum
732 1446 857 1512 cunque
882 1426 983 1509 dabit,
1003 1426 1093 1495 lucro

373 1547 511 1634 Appone
532 1566 591 1614 nec
612 1547 723 1613 dulces
745 1565 871 1611 amores

373 1666 506 1753 Sperne,
529 1684 617 1751 puer,
638 1684 741 1752 neque
763 1672 798 1729 tu
820 1663 952 1729 choreas

374 1783 487 1851 Donec
508 1783 625 1849 virenti
646 1782 781 1850 canities
804 1782 897 1850 abest

374 1901 507 1970 Morosa
527 1940 569 1952 -

167 2094 224 2142 cur
244 2080 342 2162 poeta
362 2071 571 2139 admirationi
594 2077 654 2145 est.
677 2073 876 2160 vituperatur
896 2070 1076 2140 Hercules?
1097 2108 1138 2122 -
1160 2074 1362 2162 Simulatque

164 2214 240 2259 vero
261 2212 320 2279 per
353 2212 481 2258 servum
503 2188 619 2258 certior
647 2190 752 2257 factus
774 2199 833 2274 est,
866 2190 1059 2259 Alcestin
1090 2198 1249 2260 mortuam
1280 2214 1362 2276 esse,

162 2312 273 2378 statim
305 2310 431 2376 heroem
458 2311 669 2376 fortissimum
699 2329 733 2374 se
761 2316 923 2395 praestat,
952 2311 1043 2395 eujus
1072 2311 1268 2379 hilaritatem
1298 2333 1363 2381 non

163 2450 235 2498 esse
256 2420 418 2496 levitatem
440 2426 577 2494 hominis
607 2428 681 2492 vani
711 2432 807 2513 atque
838 2429 1057 2515 voluptatibus
1085 2430 1185 2496 dediti
1215 2438 1362 2518 apparet.

161 2548 290 2615 Etenim
320 2568 358 2613 ne
379 2548 495 2615 Orcum
523 2546 651 2632 quidem
680 2546 787 2632 ipsum
818 2548 937 2614 adoriri
966 2548 1086 2614 veritus
1115 2569 1189 2615 mox
1220 2550 1362 2619 Admeto

163 2687 294 2734 uxorem
316 2667 433 2733 reddit.
453 2701 495 2713 -
516 2664 586 2731 Hoc
607 2665 707 2747 igitur
737 2665 828 2732 nobis
860 2674 996 2733 constat.
1023 2666 1194 2733 Herculem
1224 2689 1293 2735 esse
1322 2689 1362 2736 ea

163 2796 196 2854 et
216 2786 379 2852 hilaritate
401 2785 501 2852 animi
522 2790 555 2851 et
574 2783 774 2854 fortitudine,
797 2805 836 2852 ea
855 2787 1055 2869 ingenuitate
1082 2790 1258 2873 mortisque
1285 2808 1364 2855 con-

161 2907 348 2992 temptione,
370 2908 405 2968 ut
426 2922 628 2989 summopere
651 2925 688 2972 eo
711 2904 887 2995 delectatos
916 2925 986 2971 esse
1014 2914 1214 2992 spectatores
1247 2908 1360 2974 existi-

159 3027 309 3091 mandum
332 3024 393 3097 sit;
413 3024 519 3107 itaque
541 3022 636 3107 plane
657 3043 721 3090 nou
735 3025 929 3090 assentimus
944 3021 1111 3091 Wialaudo
1134 3023 1280 3112 aliisque,
1305 3028 1359 3112 qui

162 3166 234 3211 eum
257 3151 399 3226 satyrum
422 3141 525 3222 magis
549 3160 643 3226 qnam
667 3142 824 3209 hominem
849 3162 919 3209 esse
940 3142 1062 3209 uolunt.
1088 3181 1120 3189 —

243 3258 411 3327 Plr'eretem
441 3265 548 3327 autem
579 3262 671 3346 quasi
693 3260 774 3328 duas
795 3266 907 3346 partes
928 3280 1024 3343 agere
1043 3262 1163 3345 judico.
1216 3261 1359 3330 Primum

160 3383 243 3446 enim
263 3398 474 3467 quaecunque
508 3379 684 3465 eloquitur,
717 3379 884 3466 probanda
914 3383 1000 3445 sunt.
1050 3379 1103 3445 An
1135 3380 1254 3464 injuria
1285 3401 1359 3448 eum

159 3499 346 3585 putabimus
359 3498 460 3564 filium
471 3499 660 3584 vituperare,
682 3499 737 3583 qui
751 3502 800 3563 tot
813 3494 978 3583 tantisque
989 3497 1080 3563 bonis
1093 3497 1133 3564 ab
1156 3519 1193 3565 eo
1215 3502 1359 3587 acceptis

155 3625 192 3683 ut
215 3618 314 3683 vitam
347 3637 471 3703 quoque
493 3636 552 3702 pro
575 3636 610 3681 se
631 3610 764 3683 dederet
785 3616 986 3702 postulavit?
1028 3636 1134 3682 nonne
1164 3624 1272 3684 autem
1294 3637 1356 3685 suo

152 3736 226 3819 jure
254 3738 287 3802 in
316 3735 417 3800 filium
440 3742 506 3800 tam
540 3734 676 3820 impium
696 3735 858 3802 invehitur
879 3736 970 3821 eique
992 3735 1155 3818 ignaviam
1178 3737 1359 3822 exprobrat

159 3853 407 3940 turpissimam?
435 3856 469 3919 in
498 3854 605 3939 priore
638 3852 740 3935 igitur
768 3854 860 3919 rixae
882 3853 969 3919 illius
991 3857 1087 3938 parte
1109 3874 1173 3920 non
1194 3861 1271 3942 puto
1289 3855 1357 3923 fore

156 3991 356 4058 quemquam,
388 3972 463 4058 quin
492 3992 565 4038 cnm
598 3991 676 4039 sens
704 3973 816 4039 faciat.
868 3949 913 4038 At
949 3971 1056 4038 subito
1089 3977 1156 4037 tam
1192 3971 1357 4040 humiliter

154 4091 307 4176 loquitur.
330 4098 408 4170 tam,
429 4095 465 4156 ut
486 4090 604 4172 dicam,
636 4090 770 4175 abjecte,
791 4098 829 4157 ut
848 4109 980 4178 prorsus
1003 4089 1085 4157 alius
1107 4111 1177 4159 esse
1199 4093 1356 4176 videatur,

154 4210 207 4297 qui
230 4207 308 4276 haec
330 4208 427 4277 dicit:

417 4330 526 4407 κακαῖς
547 4322 679 4394 &acuere
701 4319 735 4394 οὗ
757 4326 851 4417 μέλει
873 4325 1012 4393 θανόντι
1035 4352 1094 4417 μοι

152 4470 249 4551 atque
271 4464 401 4551 qualem
423 4470 520 4531 antea
540 4462 659 4531 Pheres
682 4486 715 4531 ae
739 4465 896 4551 praebuit.
919 4500 961 4511 -
