3210 4914
234 448 341 522 edidit.
367 455 450 539 quod
474 456 524 519 isti
549 453 676 519 fabulae
699 456 922 538 necopinatum
954 454 1056 516 lucem
1091 454 1209 517 attulit.
1254 451 1333 531 Ejus
1357 452 1441 530 frag·

235 575 334 639 menti
358 573 458 639 verba
481 572 558 638 haec
583 580 674 636 sunt:

309 705 536 796 'Alaynrrgr‘y
567 705 692 800 Heliou
725 704 879 795 θυγάτηρ
914 699 1121 798 ὑπομείνασα
1154 701 1233 796 ὑπὲρ
1268 709 1328 773 τοῦ
1361 708 1443 794 ι’διόυ

234 827 346 920 ἀνδρὸς
375 826 589 912 τελευτῆσαι,
618 824 821 916 Ἡρακλέους
850 825 1111 915 ἐπιδημήσαντος
1135 825 1165 891 ἐν
1198 829 1242 914 τῆ
1270 825 1443 915 Θετταλίᾳ

235 948 445 1038 διασώζεται,
477 945 684 1035 βιασαμένου
714 941 791 1024 τοὺς
819 951 982 1034 χθονίους
1013 942 1111 1026 θεοὺς
1142 943 1197 1010 καὶ
1231 946 1445 1036 ἀφελομένου

234 1068 296 1157 τὴν
327 1073 480 1157 γυναῖκα.
526 1067 602 1156 παρ’
633 1060 793 1156 οὐδετέρῳ
829 1069 938 1133 κεῖται
969 1067 989 1153 ἡ
1020 1068 1216 1158 μυθοποιιά.
1261 1063 1300 1133 τὸ
1335 1067 1443 1156 δρᾶμα

234 1185 378 1277 ἐποιήθη
404 1187 492 1276 ιζ’Ῑ),
517 1183 681 1274 ἐδιδάχθη
706 1183 756 1251 ἐπὶ
777 1185 967 1252 Γλαυκίνου
991 1182 1158 1276 ἄρχοντος
1179 1185 1227 1251 σι’
1245 1185 1294 1252 ol.
1307 1186 1335 1272 ²)
1359 1189 1443 1275 σιριῒι.

234 1298 344 1398 τσςῆν
374 1305 568 1390 Σοφοκλῆς,
599 1299 784 1394 δεύτεραςῧ)
818 1297 992 1394 Εὐριπίδης
1027 1309 1204 1395 Κρήσσαις,
1237 1305 1441 1397 Ἀλκμαίωνι

233 1433 285 1513 τῷ
307 1427 359 1493 διὰ
381 1426 583 1511 uinctum),
607 1423 764 1513 Τηλέφῳ,
795 1423 999 1510 Ἀλκήστιδι.
1023 1422 1061 1491 τὸ
1086 1425 1120 1489 δὲ
1148 1425 1257 1514 δρᾶμα
1289 1452 1442 1514 κιυμικιν-

232 1549 331 1637 ‘ripun
354 1545 430 1635 ἔχει
450 1545 512 1636 τὴν
537 1547 830 1635 καταστρσφὴνῦ).
855 1598 864 1615 .
888 1599 894 1610 .
920 1599 925 1610 .

318 1687 368 1752 Ex
395 1687 456 1752 hoo
488 1687 672 1768 fragmento
705 1686 845 1772 primum
878 1685 936 1751 hoc
966 1687 1201 1768 cognoscimus,
1233 1686 1391 1752 Alcestin,
1414 1687 1442 1750 si

232 1805 361 1890 quidem
384 1805 439 1870 ille
461 1825 614 1872 numerus
637 1826 672 1870 re
689 1823 766 1869 vera
782 1800 821 1891 ιζ’
838 1802 991 1886 legendus
1009 1810 1070 1888 est,
1094 1805 1265 1892 septimam
1281 1807 1442 1871 decimam

232 1924 398 2010 Euripidis
420 1925 563 1991 fabulam
586 1925 789 2012 Olympiadis
810 1926 1026 2006 octogesimae
1054 1925 1184 2009 quintae
1220 1944 1303 1990 anno
1339 1925 1440 1990 altero

300 2182 325 2250 1)
342 2181 375 2233 In
398 2181 547 2250 fragmento
572 2182 670 2250 legitur
688 2159 723 2246 ίξ,
748 2183 790 2232 cui
814 2196 922 2235 numero
948 2186 1070 2249 corrupto
1099 2197 1167 2248 qrrnc
1193 2181 1341 2232 emendatio
1367 2182 1442 2233 adhi-

229 2283 318 2336 bcnda
334 2283 376 2349 sit,
399 2283 550 2335 Diudorfius
567 2283 739 2351 probabiliter
756 2283 807 2335 dici
824 2300 903 2351 posse
919 2285 1053 2352 professus
1076 2288 1165 2335 tamen
1190 2283 1253 2351 quid
1276 2285 1340 2335 velit
1364 2285 1442 2336 scribi

229 2364 283 2438 nou
300 2389 391 2453 aparte
409 2385 536 2452 ostendit;
557 2381 589 2454 ιζ’
606 2402 754 2451 numerum,
772 2402 851 2453 quom
867 2385 1048 2439 Kirclrhoflius
1064 2387 1092 2437 in
1109 2389 1212 2437 textum
1237 2387 1344 2453 recepit,
1367 2388 1442 2438 facil·

228 2489 295 2540 lima
311 2489 456 2540 mutatione
472 2487 501 2538 in
522 2486 547 2548 ιξ
565 2488 682 2554 potuisse
699 2489 830 2556 corrumpi
848 2492 973 2556 apparet3
992 2504 1059 2556 quae
1074 2487 1234 2554 conjectura,
1251 2504 1310 2539 cum
1325 2491 1363 2540 rei
1378 2506 1442 2556 quo·

230 2607 282 2658 que
299 2591 415 2643 maxime
432 2590 579 2654 conveniat,
597 2590 735 2640 retinenda
751 2590 855 2641 videtur
873 2606 938 2641 esse.

297 2711 323 2777 2)
340 2710 415 2761 Haec
432 2725 478 2776 pro
496 2708 526 2763 τὸ
546 2694 579 2772 λ’,
609 2707 680 2776 quod
705 2709 732 2758 in
757 2708 847 2760 codice
878 2712 974 2773 exstat,
1002 2708 1153 2760 Dindorfius
1182 2710 1288 2777 egregie
1313 2711 1441 2778 conjecit;

229 2812 373 2863 Glauoiuus
390 2811 459 2861 anim
477 2810 577 2863 archon
594 2807 759 2877 Olympiadis
777 2810 954 2878 octogesimae
971 2810 1081 2877 quintae
1098 2810 1160 2859 anni
1173 2810 1282 2861 secundi
1296 2826 1441 2881 cponymus

227 2914 287 2965 fuit.

295 3032 370 3098 3'y1n
388 3031 477 3085 codicc
494 3032 580 3082 minus
597 3029 664 3082 benc
681 3030 779 3099 legitur
797 3037 904 3104 πρῶτον
925 3036 951 3084 et
970 3028 1100 3104 διάτορον.

294 3152 321 3217 4)
341 3152 384 3203 Sic
400 3150 542 3220 legendum
559 3150 663 3202 uidetur
680 3166 727 3218 pro
746 3149 891 3218 ἆλκμαίονι
910 3152 949 3220 w}
968 3153 1145 3219 διαψαφίλα.

294 3271 320 3338 ὁ)
337 3271 491 3321 Extremum
508 3270 589 3337 hujus
606 3269 754 3321 sentcntiae
771 3269 881 3321 verbum
898 3272 926 3322 in
943 3272 1093 3339 fragmento
1111 3279 1151 3326 est
1175 3276 1343 3341 κατασκευὴν
1362 3277 1441 3344 idque

226 3391 243 3426 a
260 3372 395 3425 Dindorfio
412 3372 539 3439 scriptum
557 3375 611 3437 est;
630 3376 718 3423 tamon
735 3372 781 3424 illc
798 3373 855 3439 ipso
872 3373 914 3423 vir
940 3373 1107 3427 doctissimus
1130 3378 1187 3444 jam
1213 3377 1351 3444 dubitavit,
1377 3396 1441 3432 num

224 3477 251 3527 in
270 3473 465 3548 καταστροφὴν
483 3473 640 3524 mutandum
664 3477 743 3538 assat,
769 3458 839 3542 quod
857 3475 927 3526 etin
945 3474 1047 3530 Orestis
1065 3486 1221 3546 argumento
1244 3479 1336 3530 eadem
1361 3484 1442 3536 narba

223 3558 362 3648 leguntur:
389 3577 435 3642 „rt
455 3577 482 3630 dl
502 3578 592 3647 δριῖμα
619 3575 814 3651 κυμικυιτὲραν
841 3575 901 3649 ἔχει
928 3582 976 3645 τὴν
1005 3582 1225 3653 καταστροφδιν“,
1255 3587 1281 3633 ot
1305 3583 1333 3634 in
1358 3584 1441 3652 ipsius

223 3660 365 3731 'Alcestidls
381 3680 524 3748 hypothesi
540 3679 661 3747 sequitur
685 3681 832 3732 sententia:
868 3680 899 3736 τὸ
920 3685 946 3737 δὲ
967 3683 1056 3756 ὃριῖμά
1076 3684 1133 3737 ἐστι
1153 3686 1378 3758 σατυριιιώτεραν,
1400 3681 1440 3741 α’τι

223 3781 259 3846 εἰς
268 3782 360 3855 χαρὰν
371 3782 414 3835 καὶ
433 3783 528 3847 ἡδονὴν
548 3780 751 3854 aeramendum
769 3785 907 3853 multoque
925 3787 1013 3852 aptius
1030 3787 1134 3836 videtur
1153 3785 1349 3860 καταστροφὴν
1363 3804 1440 3840 νοσα-

222 3883 323 3933 bulum.
358 3882 427 3942 Quid
445 3883 515 3933 enim
533 3883 633 3945 comici,
650 3882 702 3933 nisi
723 3884 793 3936 forto
810 3884 934 3937 Herculis
957 3902 1097 3953 personam
1122 3888 1250 3939 comicum
1273 3888 1438 3953 potissimum

222 3987 276 4038 vim
293 3983 392 4035 habero
409 3999 508 4047 consen,
526 3988 632 4050 practer
648 3985 736 4051 ipsum
754 3991 878 4038 eventum
895 3988 1000 4039 felicem
1018 3988 1150 4039 invenitur
1165 3988 1192 4039 in
1210 3990 1366 4059 κατασκευῇ
1384 3993 1400 4041 i.
1417 4012 1436 4042 e.

219 4091 248 4141 in
265 4084 399 4156 apparatu
425 4086 514 4137 autin
532 4087 663 4138 materia?
702 4087 755 4140 Sed
773 4089 806 4141 de
833 4090 884 4141 hac
907 4107 936 4142 rc
961 4091 1013 4142 alio
1039 4091 1096 4142 loco
1120 4093 1248 4143 nonnulla
1279 4092 1439 4159 disputanda

220 4196 311 4256 emnt3
329 4187 477 4240 videbimus
495 4188 573 4253 euim,
590 4188 758 4259 Koechlyum
776 4193 861 4243 virum
878 4192 1053 4244 clarissimum
1071 4194 1141 4244 hanc
1157 4193 1243 4260 ipsam
1269 4176 1359 4247 uocem
1379 4210 1438 4262 pro-

218 4310 298 4345 mere.
333 4291 440 4344 Interim
457 4306 517 4342 cum
535 4291 702 4346 Kirchhoffio
719 4294 786 4345 illud
813 4296 981 4361 κατασκευὴν
1001 4297 1026 4347 in
1057 4297 1253 4369 norun-cymatio
1281 4299 1435 4349 mutandmn

218 4412 275 4448 osse
292 4394 450 4448 tenebimus.
