3224 4914
678 421 968 515 -sof-

302 599 422 679 Quodsi
434 593 678 679 Wagnerushos
690 612 816 679 quoquc
831 589 1015 673 similesque
1038 602 1148 650 uersus
1171 576 1260 663 „aad
1290 572 1420 666 εὐχήν*

221 718 388 783 mulierum
407 718 544 803 scriptos
559 735 628 781 esse
645 721 762 781 censet.
785 717 906 776 rectum
930 728 1000 772 eum
1025 707 1062 772 de
1077 702 1241 787 Euripidis
1254 698 1420 787 proposito

219 837 342 903 vidisse
365 836 551 912 concedam,
574 831 715 919 alioquin
738 838 775 896 ut
796 848 868 925 cerm
891 848 927 893 eo
949 825 1066 890 faciam
1090 820 1211 888 adduci
1233 837 1363 904 nequeo.
1378 852 1420 863 -

304 992 352 1056 Ac
375 1010 414 1055 ne
436 988 617 1055 Duentzero
639 983 767 1072 quidem
790 981 1028 1047 assentiendum
1051 980 1112 1061 est,
1143 998 1179 1043 eo
1202 978 1339 1045 consilio
1362 980 1419 1048 Al-

222 1109 325 1174 cestin
349 1127 369 1173 a
391 1111 486 1194 poeta
522 1105 735 1190 compositam
765 1120 836 1166 esse
860 1099 1029 1185 judicanti,
1046 1103 1083 1164 ut
1103 1098 1261 1164 neminem
1284 1098 1419 1166 libenter

222 1226 307 1291 mori
336 1227 531 1304 ostenderet,
565 1224 617 1289 oui
639 1221 850 1288 Buohholzios
880 1221 990 1285 eodem
1019 1220 1091 1303 jure
1120 1217 1184 1283 dici
1206 1214 1303 1285 licere
1333 1224 1420 1286 recte

223 1343 367 1430 opponit,
391 1343 613 1411 Prometheum
638 1361 675 1408 eo
698 1339 830 1406 consilio
853 1338 1078 1427 abjAesohylo-
1098 1360 1167 1407 essa
1190 1343 1418 1428 conscriptum,

221 1469 257 1529 ut
279 1464 438 1528 neminem
460 1461 599 1528 libenter
621 1460 766 1526 Caucaso
789 1458 876 1542 alfigi
899 1459 1035 1526 dilucide
1058 1460 1254 1527 ostenderet.
1273 1499 1315 1511 -

306 1581 440 1647 Omissis
469 1594 576 1645 autem
600 1579 671 1645 aliis
695 1579 862 1644 sententiis
885 1580 923 1644 de
947 1580 1056 1645 eadem
1079 1600 1113 1645 re
1137 1579 1270 1666 prolatis
1293 1581 1325 1647 in
1348 1584 1419 1648 uni·

224 1719 354 1766 versum
376 1699 586 1766 Buchholzio:
604 1700 780 1778 adsentior,
811 1700 865 1786 qui
888 1698 1042 1765 lubricum
1077 1717 1148 1764 essa
1172 1698 1260 1782 dicit,
1288 1698 1417 1768 fabulae

222 1838 389 1904 quaequae
406 1826 465 1898 est,
486 1818 585 1884 talem
597 1820 717 1903 ideam,
737 1839 832 1906 quam
843 1827 969 1895 vocant,
992 1818 1173 1899 obtrudere,
1194 1817 1425 1906 doquasspoeta

223 1938 279 2002 uix
301 1937 501 2019 cogitaverit.
524 1975 565 1986 -

307 2089 408 2155 Aliud
429 2097 487 2170 cst,
522 2092 606 2177 quod
629 2091 691 2157 viri
713 2091 801 2159 docti
814 2093 918 2157 ‘unam
943 2092 1137 2178 eandemque
1159 2093 1326 2157 materiam
1350 2112 1418 2156 om-

224 2207 319 2273 nibus
346 2209 538 2291 tetralogiae
569 2209 690 2277 fabulis
721 2231 758 2276 eo
791 2213 885 2277 modo
907 2216 1084 2276 tractatam
1110 2230 1181 2276 osse
1203 2217 1343 2288 censent,
1371 2215 1421 2288 ut,

223 2328 251 2390 si
274 2324 505 2413 Berotai-oya)
534 2329 640 2395 verbis
670 2331 717 2394 uti
741 2330 824 2412 licet,
856 2367 897 2378 -
930 2329 1007 2410 ‚die
1023 2328 1283 2395 nobeneiuaoder
1303 2331 1417 2412 goord-

226 2448 322 2509 neten
339 2446 374 2511 Tr
382 2447 528 2529 agddien.
546 2448 664 2532 jedeia
678 2449 762 2515 ihrer
775 2445 885 2527 ll'otoe,
910 2447 1009 2514 durch
1031 2448 1123 2514 einen
1136 2448 1273 2513 darhber
1290 2449 1419 2514 stehen-

226 2563 297 2635 dea
320 2564 405 2630 allen
428 2568 674 2648 gerueinsamen,
691 2542 774 2634 ¹aher
795 2571 865 2634 rein
888 2569 1070 2634 abstractos
1089 2566 1266 2634 Godanhen
1288 2566 1422 2649 bedingt

228 2682 293 2749 ruod
313 2689 468 2765 getragen
491 2690 651 2754 werdeu.“
673 2688 741 2753 Hac
764 2691 886 2754 ratione
909 2707 985 2753 usus
1006 2685 1183 2753 Schoellius
1207 2685 1298 2768 hujus
1318 2689 1421 2750 tetra·

226 2800 332 2881 legiae
353 2802 472 2868 fabulis
500 2807 663 2872 mulierem
687 2805 826 2872 describi
848 2807 988 2892 exponit.
1022 2805 1070 2870 ita
1091 2803 1231 2889 quidem,
1262 2810 1298 2868 ut
1317 2802 1425 2888 prima

227 2921 393 2999 tragoedia
414 2943 472 3007 per
493 2923 646 2990 feminam
666 2925 869 2990 libidinosam
887 2926 976 2990 Atrei
995 2925 1125 2988 domum
1148 2924 1270 3008 perisse
1291 2922 1423 2987 domon-

228 3041 359 3116 stretur‚
390 3040 491 3106 altera
519 3043 681 3109 mulierem
715 3045 924 3126 (ingenuam),
958 3044 1054 3108 nimis
1081 3047 1189 3107 autem
1212 3041 1421 3106 confidentem

228 3163 370 3241 opponat
405 3167 501 3245 poeta
537 3162 716 3246 petulanti,
750 3166 845 3231 tertia
875 3161 977 3227 virilis
1016 3160 1108 3247 quasi
1144 3159 1274 3239 femina,
1309 3161 1425 3243 quarta

229 3295 305 3340 rara
326 3278 442 3343 mulier
463 3301 497 3345 se
519 3282 622 3366 ipsam
646 3281 768 3349 dedens
791 3303 847 3369 pro
870 3281 931 3346 viri
954 3281 1057 3347 salute
1080 3278 1282 3364 depingatur.
1326 3274 1423 3341 Prae·

227 3399 605 3466 tereaomnihusiabulis
625 3401 874 3487 hospitalitatem
893 3402 1020 3485 locique
1042 3401 1248 3463 sanctitatem
1272 3395 1423 3472 ‹lescribi‚

229 3534 325 3599 quam
348 3517 468 3583 Atreus
490 3519 574 3584 malo
597 3521 669 3585 dolo
692 3518 823 3605 Thyesti
847 3519 1010 3606 praebeat,
1042 3516 1183 3600 Phegeus
1207 3534 1333 3579 somma
1354 3516 1425 3598 pis-
1479 3549 1485 3557 ·

227 3640 293 3700 tate
316 3645 442 3713 seruet3
465 3636 672 3723 Telephuma
691 3637 945 3723 Clytaemnestra
957 3636 1095 3723 hospitio
1117 3634 1230 3720 accipi,
1252 3630 1423 3698 Herculem

228 3754 364 3841 danique
388 3756 427 3820 ab
451 3757 601 3824 Admeto.
622 3797 663 3806 —
686 3758 839 3825 Similiter
856 3758 1078 3842 Bernhardyus
1102 3755 1196 3833 „Man
1218 3753 1263 3818 ist
1284 3751 1426 3833 geneigt‚

225 3874 340 3958 inquit,
363 3876 394 3939 in
419 3874 476 3940 der
499 3875 689 3942 Didaskalie
711 3880 767 3943 der
787 3877 928 3943 Alcestis
951 3878 1020 3942 eine
1044 3871 1203 3938 vieriaohe
1221 3867 1426 3948 Darstellung

228 3991 285 4057 des
308 3994 453 4077 hlaibos,
487 3994 542 4058 des
573 3993 701 4061 bl'eibes
730 3997 761 4061 in
797 3997 902 4060 seiher
930 3993 1071 4057 reinsten
1093 3991 1194 4057 Treue
1223 3987 1289 4053 uod
1319 3987 1426 4051 seiner

227 4112 497 4180 schmahlichsten
513 4112 666 4197 Uutreue,
689 4116 719 4179 in
737 4113 970 4194 leichtiertiger
982 4108 1154 4177 Schwache
1170 4107 1233 4173 und
1257 4107 1289 4170 iu
1311 4112 1425 4171 mann-

227 4229 327 4296 licher
340 4233 464 4310 Starke
480 4254 520 4298 zu
541 4231 727 4312 erhliokeo„
740 4230 854 4297 mithio
872 4231 942 4297 eine
958 4228 1057 4312 Folge
1080 4246 1143 4294 von
1154 4222 1428 4309 Sittengemalden

223 4404 424 4419 Ἥ

293 4502 318 4567 l)
334 4501 417 4553 Erash
436 4504 488 4553 rrnd
508 4504 611 4556 Gruber
630 4505 805 4569 „l‘hrrinidas.“
