3210 4914
618 418 912 482 ..17-

154 589 342 655 morituram
367 609 447 656 esse.
493 588 580 667 Quae
612 609 683 654 eum
706 591 753 655 ite
785 591 851 656 sint
880 591 1018 675 primum
1042 589 1102 655 boe
1130 586 1361 673 judicabimus,

155 728 299 775 summae
321 708 467 791 ignaviae
490 707 588 774 foisse
612 729 682 775 eum
705 710 862 773 bominem
885 746 925 756 -
947 711 1052 773 uirum
1083 709 1167 772 enim
1198 710 1253 773 vix
1285 707 1363 772 lieet
1390 746 1392 750 ,

157 826 265 892 direre
287 863 328 875 —
350 828 404 913 qui
426 828 552 913 etipse
577 829 671 892 vitam
696 828 823 909 longios
846 830 1048 914 produceret,
1078 847 1210 893 uxorem
1237 825 1362 913 probis-

156 944 270 1010 simam
293 947 394 1030 ipsius
417 945 488 1011 loeo
511 945 589 1010 mori
613 952 787 1031 pateretur.
831 946 912 1012 Nam
937 948 963 1011 si
986 943 1196 1027 Hertungiu8‚
1226 952 1263 1011 ut
1291 965 1362 1009 eum

157 1063 320 1139 defendat,
345 1063 426 1131 berre
446 1073 585 1131 veterum
610 1065 791 1150 opinionem
822 1066 860 1129 de
881 1063 1010 1130 feminis
1032 1064 1133 1129 fuisse
1161 1065 1304 1149 exponit,
1326 1071 1363 1129 ut

157 1181 303 1268 quisquis
325 1185 356 1248 in
379 1183 492 1250 eodem
528 1188 675 1248 versutus
698 1185 742 1248 sit
774 1183 927 1269 periculo,
958 1203 1021 1267 quo
1049 1184 1218 1255 Admetus,
1248 1184 1361 1249 eadem

49 1386 52 1391 Ι
159 1300 319 1365 medicine
341 1323 470 1367 osorum
494 1302 594 1367 foisse
617 1302 865 1367 existimandum
890 1302 943 1380 sit,
976 1303 1060 1386 qood
1094 1302 1362 1385 comprobaturus

161 1437 271 1484 versus
293 1419 463 1485 nonnullos
493 1419 597 1498 affert,
628 1420 716 1485 velut
737 1418 923 1503 iphigeniae
945 1420 1101 1486 Tauricae
1129 1440 1178 1485 vv.
1202 1422 1264 1486 953
1293 1441 1363 1508 sqq.

162 1539 260 1616 (1004
280 1559 349 1626 sqq.
373 1539 459 1624 epod
481 1538 738 1622 Kirebboffium),
761 1538 814 1604 obi
827 1538 995 1625 iphigenia
1017 1537 1096 1604 haec
1118 1538 1214 1604 dicit:

311 1718 348 1789 oi>
371 1729 492 1814 piperi
516 1719 631 1812 <Deripui
654 1724 684 1812 γ’
708 1717 781 1790 οὐδὲ
802 1723 835 1812 μ’
859 1727 887 1790 εἶ
907 1727 1023 1790 θανεῖν
1040 1724 1162 1813 χρεὼν,

313 1851 414 1928 σῷσαι
439 1844 482 1912 τὰ
506 1846 544 1909 σ“·
568 1839 605 1910 ub
628 1845 690 1934 peip
715 1843 790 1909 ἀλλ’
813 1841 894 1934 ἀνὴρ
916 1845 974 1929 μὲν
999 1843 1034 1910 ἐκ
1058 1844 1164 1934 δόμων

313 1962 423 2028 θανὼν
447 1964 609 2042 poenisus,
631 1961 674 2029 τὰ
698 1962 731 2028 δὲ
753 1966 906 2049 γυναῖκας
927 1964 1053 2050 ἀσθενῆ
1083 2003 1118 2015 -

164 2152 214 2217 vir
235 2151 438 2219 doctissimus
460 2174 573 2218 versus
595 2153 800 2238 insequentes
823 2171 887 2218 non
903 2153 1041 2220 debebat
1064 2155 1220 2238 omittere,
1250 2154 1367 2241 quibus

162 2272 243 2358 ipsis
265 2273 455 2354 gravissime
477 2273 640 2338 refutatur
693 2270 774 2348 Quid
800 2275 883 2338 enim
907 2271 1036 2338 Orestes
1058 2275 1099 2338 ad
1129 2271 1209 2339 bauo
1236 2271 1366 2358 Iphige-

162 2392 236 2456 niae
259 2389 379 2457 verba?

269 2551 330 2623 nior
353 2556 393 2623 ἂν
415 2564 584 2648 γενοίμην,
619 2561 733 2646 inquit,
771 2559 828 2624 σοῦ
851 2584 889 2625 τε
912 2556 967 2625 καὶ
990 2559 1114 2650 μητρός
1135 2558 1262 2643 spernor.

270 2714 557 2727 -----
581 2676 767 2769 κοινόφρων
792 2679 826 2744 δὲ
850 2678 900 2745 σοὶ

269 2792 324 2859 καὶ
348 2794 409 2884 ζῆν
430 2794 564 2886 θέλοιμ’
587 2796 627 2863 e'iv
650 2794 704 2863 uei
727 2795 838 2864 θανὼν
860 2796 984 2885 λαχεῖν
1008 2795 1086 2866 ἴσον.

165 2985 237 3033 sese
259 2973 315 3033 out
337 2966 468 3032 domum
499 2987 646 3037 sororem
678 2970 848 3036 ductorum
882 2970 929 3035 eit
959 2975 1016 3035 aut
1049 2969 1144 3035 simul
1177 2988 1249 3036 cum
1279 2989 1318 3035 ee
1343 2969 1372 3036 si

166 3084 364 3150 moriendum
395 3087 438 3152 sit
466 3106 688 3155 remansurum
719 3108 802 3155 esse.
844 3088 928 3155 Eoee
957 3090 1022 3161 vir,
1054 3088 1109 3174 qui
1139 3108 1213 3153 vere
1242 3088 1291 3152 vir
1321 3092 1371 3153 est

167 3203 395 3290 uppeiiandus!
419 3204 576 3271 Nimirum
599 3207 760 3273 Admetus
783 3227 908 3293 quoque
931 3206 1159 3294 praesefert,
1183 3207 1284 3272 vitam
1300 3205 1370 3271 sine
1411 3210 1417 3219 '

166 3341 268 3391 uxore
288 3323 351 3390 sibi
373 3343 521 3409 peresum
543 3344 623 3398 esse,
646 3345 720 3391 eum
743 3325 918 3392 exclamet:

378 3487 463 3580 ἆγον
485 3519 527 3582 με
550 3486 607 3558 σύν
631 3515 691 3573 σοι,
713 3495 792 3584 πρός
812 3498 910 3574 θεῶν,
934 3491 1018 3580 ἄγου
1044 3490 1141 3577 noim

167 3667 263 3747 etque
284 3663 451 3731 Alcestide
473 3663 602 3751 sepulte
623 3665 741 3731 iterum
764 3664 959 3733 lamentatur

393 3852 395 3856 ’
468 3830 558 3921 ζηλῶ
582 3834 777 3924 φθιμένους,
801 3838 915 3900 κείνων
939 3832 1070 3925 ἔραμαι,

470 3953 547 4017 κεῖν’
570 3950 724 4039 ἐπιθυμῶ
747 3952 886 4045 δώματα
910 3954 1010 4018 ναίειν

165 4156 268 4222 neque
298 4137 400 4205 multo
423 4144 497 4224 post
529 4141 625 4226 „quid
658 4162 708 4207 me
740 4142 945 4228 prohibuisti,
979 4144 1093 4230 inquit,
1124 4145 1294 4231 quominus
1323 4162 1376 4209 me

163 4256 412 4343 praecipitarem
436 4260 468 4322 in
491 4258 675 4344 sepulerum
698 4270 793 4347 atque
816 4263 902 4347 apud
924 4261 1014 4328 illam
1038 4265 1194 4350 optimam
1210 4262 1376 4332 mulierem

160 4371 302 4457 jacerem
325 4375 505 4443 exanimis?
549 4378 629 4444 duas
652 4387 720 4446 tum
744 4382 868 4447 animas
891 4380 1000 4448 Hedes
1032 4381 1208 4449 fidissimae
1230 4398 1290 4467 pro
1312 4398 1378 4444 une
1449 4390 1451 4394 ·

169 4483 343 4560 baberet-u
365 4493 454 4573 Quae
473 4494 631 4565 fortitudo
651 4499 827 4584 mortisque
848 4501 1065 4587 contemptio!
1091 4499 1255 4583 egregium
1279 4498 1379 4567 nimi-

1172 4668 1193 4732 2
