3210 4914
616 290 907 359 -ds-

249 475 360 561 ltaque
383 491 448 538 non
471 469 584 536 dubito
606 433 817 541 contendere,
847 456 1044 526 didascalice
1075 462 1240 524 auctorem
1274 464 1307 526 et
1334 461 1368 526 in

167 594 225 663 illa
239 601 280 660 'r'a
303 613 323 659 a
344 592 479 657 veritate
501 578 666 653 aberrasse
698 587 731 649 et
752 600 811 650 eo,
847 574 933 665 quod
965 574 1062 642 dicit:
1097 572 1172 664 παρ’
1205 574 1366 667 οὐδετέρῳ

33 748 35 753 v
168 714 276 779 κεῖται
299 708 320 796 ἡ
343 708 540 798 pudendus,
564 703 678 790 quibus
701 699 806 766 verbis
828 716 929 782 neque
950 694 1144 777 Aeschylum
1174 714 1278 780 neque
1308 696 1367 764 so-

166 831 312 919 phoclem
336 826 375 894 do
398 824 459 891 hoc
482 830 669 906 argumento
692 817 834 885 fabulam
857 818 1078 899 composuisse
1095 813 1364 895 significaravult.

166 947 358 1015 Plutarchus
380 946 465 1011 anim
490 958 562 1008 cum
584 940 638 1023 (de
660 936 722 1004 dei.
746 954 832 1002 orae.
857 936 910 1011 14)
934 931 1119 998 scribat:-

380 1109 459 1179 οὕτε
484 1110 505 1176 «ὁ
535 1105 753 1191 Σοφοκλέους
771 1099 939 1194 ’Ἄδμητος

366 1224 480 1321 ὀὑμός
502 1227 528 1293 δ’
549 1226 700 1314 ἀλέκτωρ
725 1221 830 1288 adedo
853 1209 913 1309 ἦγε
935 1218 1016 1308 πρός
1034 1217 1150 1309 μόλον,

167 1421 353 1511 Sophoclem
376 1414 552 1486 Alcestidis
574 1411 685 1501 mytho
707 1431 800 1477 usum
822 1429 893 1475 esse
913 1415 1020 1495 patet,
1050 1409 1091 1474 ad
1115 1428 1211 1495 quarn
1233 1417 1363 1504 senten·

166 1544 243 1608 tiam
265 1539 455 1607 firmandam
476 1532 666 1600 Welclrarus
688 1529 723 1594 in
745 1528 846 1607 libro,
870 1546 963 1613 quem
988 1528 1028 1594 de
1057 1528 1232 1611 tragoediis
1263 1529 1364 1599 Grae-

167 1679 277 1727 corum
299 1659 440 1743 scripsit,
462 1653 542 1720 alios
565 1670 691 1739 quoque
713 1666 826 1713 versus
849 1645 968 1724 attulit,
1012 1666 1093 1732 quos
1119 1647 1161 1712 ad
1193 1648 1361 1736 Sophoclis

164 1778 311 1845 Alcestin
332 1775 492 1862 pertinere
515 1771 564 1836 vir
585 1768 793 1835 clarissimus.
808 1765 973 1831 evidenter
993 1766 1144 1832 ostendit.

209 1919 212 1923 ’
251 1894 339 1974 Quae
370 1913 442 1958 cum
469 1892 629 1969 itasint,
670 1906 710 1954 ea
735 1886 863 1951 ratione
881 1883 1079 1951 ¹didascaliis
1111 1885 1262 1952 utendum
1293 1908 1365 1957 essa

19 2016 20 2023 ’
69 2078 75 2085 .
166 2012 328 2089 existimo,
348 1998 385 2078 ut
406 2029 461 2077 eas
483 2026 666 2095 sequamur,
689 2005 796 2091 quoad
817 2004 884 2068 fieri
901 2005 1026 2088 potest,
1049 2002 1274 2084 neglegamus,
1310 2007 1365 2074 ubi
1413 1992 1418 2001 ⁴

166 2116 240 2197 aliis
258 2117 370 2196 causis
401 2116 563 2195 contraria
591 2117 762 2196 discimdss
796 2120 1002 2208 quamobrem
1037 2119 1201 2207 Koechlyo
1234 2144 1274 2190 ex
1306 2127 1363 2192 illo

166 2249 377 2333 κατασκευήν
399 2234 556 2313 vocabulo
579 2246 619 2310 de
640 2239 816 2309 Alcestidis
837 2236 943 2304 indole
974 2237 1096 2325 aliquid
1126 2241 1295 2310 conicienti
1329 2252 1366 2312 ut

164 2366 325 2435 assentiar
348 2364 467 2431 adduci
488 2382 675 2453 nequeos-
717 2359 865 2426 lictorum
897 2376 968 2425 nos„
987 2357 1114 2443 quidem
1149 2379 1219 2426 cum
1248 2361 1363 2431 Kirch-

165 2485 261 2553 hostio
292 2504 358 2550 non
376 2481 593 2566 ,κατασκευήν
614 2477 740 2563 legare.
771 2478 828 2543 sed
858 2476 1101 2564 καταστροφήν
1131 2498 1232 2565 supra
1265 2502 1366 2569 expo-

164 2604 295 2671 suimus.
308 2638 351 2652 —
411 2589 414 2595 ’
1068 2602 1070 2607 ’

246 2721 337 2790 Haec
368 2721 523 2788 hactenus
556 2718 596 2786 da
629 2696 802 2802 Koechlyi
820 2714 989 2781 sententia.
1014 2712 1189 2782 ⁴Venimus
1217 2718 1263 2783 ad
1297 2739 1363 2802 eos,

166 2842 221 2928 qui
234 2839 378 2907 Alcestin
399 2838 542 2907 fabulam
563 2836 740 2929 satyricam
762 2853 834 2903 esse
856 2833 1037 2911 voluerunt,
1062 2840 1364 2919 quamsententiem

165 2966 238 3025 cnm
259 2978 351 3036 nunc,
374 2964 526 3043 quantum
549 2954 698 3040 equidem
721 2952 834 3032 seiam,
855 2971 949 3019 nemo
979 2952 1139 3035 retineat,
1170 2954 1260 3022 brevi
1282 2941 1364 3026 ¹ser·

163 3072 571 3143 mdne‹traetare·llc⁴et.-'
627 3090 629 3095 '
680 3089 695 3147 ρ’

206 3186 225 3225 ·’
245 3186 388 3263 Monimo
413 3183 694 3261 certe'duienuum
713 3196 776 3257 vest
809 3211 917 3279 omncs
945 3191 1013 3257 fere
1039 3192 1167 3260 fabulas
1202 3197 1361 3280 satyricus

162 3312 297 3400 perisse.
341 3309 461 3378 Tamen
479 3311 512 3377 si
535 3332 576 3377 ex
598 3328 646 3390 ea,
670 3329 751 3395 quae
773 3311 867 3377 nobis
889 3308 1015 3377 tradita
1037 3317 1107 3393 est,
1130 3309 1170 3379 de
1199 3321 1266 3380 toto
1300 3318 1363 3383 isto

160 3430 341 3498 fabularum
364 3449 480 3515 genere
503 3424 724 3511 conjecturam
744 3429 850 3496 facere
872 3429 959 3502 licet,
981 3429 1123 3496 Alcestis
1156 3435 1192 3495 ut
1221 3453 1258 3500 eo
1288 3454 1362 3520 per·
1396 3432 1404 3461 ’·

163 3549 267 3616 ducat
288 3547 427 3617 multum
448 3547 551 3619 abest.
594 3546 630 3614 ln
652 3548 790 3635 Cyclope
821 3548 904 3614 enim
929 3548 1056 3615 Ulixem
1086 3548 1230 3615 videmus
1244 3529 1364 3636 ⁸capti·

160 3687 237 3734 vum
258 3671 344 3757 apud
366 3666 607 3757 Polyphemum,
629 3665 801 3755 Cyclopem
823 3667 958 3732 stultum
981 3675 1014 3734 et
1036 3675 1204 3751 agrestem.
1235 3670 1365 3737 Adsunt

161 3783 289 3854 Silenus
311 3792 343 3853 et
363 3786 472 3873 Satyri
493 3790 527 3851 et
547 3785 612 3873 ipsi
632 3784 758 3872 captivi
780 3784 982 3871 cupidissimi
1018 3785 1147 3853 bibendi
1174 3788 1365 3874 edendique,

164 3898 326 3971 lnterdum
348 3902 524 3991 aGyclope
546 3904 711 3987 castigati,
735 3923 860 3988 semper
882 3923 954 3969 cunr
978 3922 1015 3969 eo
1037 3902 1205 4004 facientes,
1226 3908 1277 3973 cui
1299 3906 1366 3973 for·

160 4024 240 4087 tuna
260 4023 357 4089 favet.
402 4020 482 4088 Mox
505 4020 648 4109 Cyclope
672 4021 764 4088 oculo
788 4021 919 4108 privato
941 4020 1169 4090 callidissimus
1199 4026 1249 4091 uir
1278 4031 1310 4092 et
1330 4046 1365 4093 se

159 4140 266 4229 ipsum
283 4148 323 4206 et
343 4140 477 4227 Satyros
500 4159 518 4206 a
538 4139 699 4207 servitute
719 4139 847 4207 liberat.
894 4140 983 4220 Quae
1008 4160 1103 4226 quam
1131 4141 1247 4223 facete,
1270 4163 1367 4229 quam

160 4256 256 4339 salse,
280 4278 376 4344 quam
399 4257 506 4345 lepide
528 4257 660 4345 depicta
693 4266 789 4326 sunt!
834 4257 870 4324 In
903 4258 1067 4326 Alcestide
1103 4280 1179 4326 vero
1208 4260 1262 4327 nbi
1294 4270 1370 4329 sunt

158 4374 277 4462 Satyri,
299 4376 522 4465 ubisilanns,
543 4374 600 4445 ubi
618 4378 713 4462 jocus
735 4377 967 4463 hilaritasque,
1000 4377 1055 4446 ubi
1077 4377 1299 4447 cavillationes
1320 4380 1369 4447 bi-

1168 4551 1188 4613 3
