3210 4914
649 276 988 367 4η-

230 469 274 534 tio
297 471 433 536 stasimo
457 476 523 552 (vv.
546 475 753 550 eta-1007)
776 468 922 562 deiquqo
947 475 1042 539 deam
1064 476 1249 561 praedicat,
1279 498 1340 565 qua
1365 479 1444 544 nihil

228 589 333 673 majus
363 593 571 676 potentiusve
614 594 754 677 cogitari
792 593 907 680 possit.
951 590 1032 661 'lum
1068 594 1223 661 Hercules
1254 598 1340 665 redit
1370 619 1440 665 cum

227 707 360 774 muliere
383 710 502 794 velata,
523 731 620 797 quam
650 733 668 778 a
686 732 720 777 se
742 715 776 777 in
799 714 975 778 certamine
998 715 1137 799 quodam
1153 719 1331 801 praemium
1348 738 1440 785 acoe-

227 832 318 916 ptum
343 850 421 896 esse·
439 829 581 910 simulat,
612 831 854 918 Admetumque
887 840 982 914 rogat
1012 839 1047 897 ut
1069 854 1141 898 eam
1163 835 1202 899 ad
1227 854 1262 899 se
1292 839 1438 923 recipiat,

226 949 328 1017 donec
349 950 421 1036 ipse
444 949 589 1017 redierit.
631 949 667 1016 In
690 951 795 1017 exodo
817 953 916 1033 igitur
938 953 1003 1037 (vv.
1027 951 1251 1039 roos-1158)
1262 954 1288 1040 ¹)
1318 956 1438 1022 Adme÷

224 1073 278 1134 tus
300 1071 440 1154 primum
471 1074 568 1152 aegre
591 1069 720 1149 ferens,
756 1072 840 1155 quod
865 1071 1002 1136 alienam
1026 1071 1193 1137 mulierem
1215 1076 1359 1160 recipere
1382 1095 1436 1141 oo·

223 1196 316 1256 actus
337 1189 391 1281 sit,
411 1190 541 1257 tandem
561 1171 686 1275 hospiti
703 1208 825 1254 morem
838 1189 930 1272 gerit;
955 1199 1132 1277 acceptam·
1145 1199 1250 1258 autem
1267 1193 1435 1259 mulierem

223 1315 397 1394 postquam
429 1286 565 1376 uxorem
600 1308 842 1383 dilectissimam
874 1329 944 1375 esse
985 1313 1156 1392 cognovit,
1188 1311 1300 1377 fabula
1327 1314 1437 1378 finitur

223 1438 340 1495 eventu
363 1429 563 1497 felicissimo.

308 1566 377 1633 Iam
409 1568 562 1653 quoniam
595 1572 820 1652 argumentum
857 1565 986 1633 fabulae
1013 1565 1240 1652 exposuimus,
1281 1566 1342 1633 hoc
1378 1590 1435 1633 ex·

224 1686 411 1772 plicandum
450 1686 601 1768 ridetur,
638 1689 671 1754 in
701 1688 787 1772 quod
821 1685 1005 1750 fabularum
1040 1704 1140 1768 genus
1170 1685 1312 1751 Alcestis
1351 1687 1402 1752 rel
1420 1723 1434 1734 -

224 1787 325 1871 reuda
368 1807 422 1872 sit.
474 1806 562 1872 Nam
597 1827 617 1872 a
653 1808 769 1872 celeris
809 1805 1007 1871 Graecorum
1047 1810 1214 1889 poetarum
1255 1805 1433 1887 tragoediis

223 1945 294 1991 eam
319 1926 519 2012 discrepare,
555 1926 774 2012 antiquiorum
796 1922 866 2007 jam
889 1928 1070 2009 temporum
1093 1924 1299 2006 grammatici
1322 1913 1433 2007 cogni·

219 2050 287 2109 tum
310 2043 483 2125 habebant,
514 2045 550 2110 id
580 2046 665 2131 quod
688 2049 825 2131 apparet
847 2061 888 2107 ex
909 2041 959 2107 his
981 2045 1163 2124 argumenti
1185 2042 1315 2108 fabulae
1336 2063 1432 2129 prae-

221 2162 352 2246 scripti*
372 2162 503 2228 verbis:
551 2159 641 2250 παρὰ
671 2164 737 2227 τῶν
767 2164 936 2249 τραγικῶν
967 2158 1175 2238 ἐκβάλλεται
1206 2156 1246 2239 ὡς
1283 2161 1430 2226 ἂνοίκεια

219 2286 277 2370 τῆς
306 2284 467 2369 τραγικῆς
496 2272 659 2366 ποιήάεως
689 2276 708 2345 ὅ
729 2305 766 2347 τε
788 2279 944 2369 Ὀρέστης
973 2276 1028 2344 aui
1060 2280 1078 2367 q*
1101 2274 1294 2368 Ἀλκηστις,
1324 2276 1363 2358 ὡς
1395 2280 1430 2344 ἐκ

219 2402 393 2489 συμφορᾶς
414 2399 472 2484 μὲν
498 2399 688 2490 ἂρχόμενα,
704 2402 745 2473 εἰς
767 2391 977 2489 εὐδαιμονίαν
1000 2398 1034 2462 δὲ
1057 2403 1117 2463 καί
1136 2398 1249 2488 χαρὰν
1262 2397 1429 2484 λήξαντα.

218 2517 288 2586 ἔστι
320 2518 453 2607 μᾶλλον
487 2519 662 2609 κωμῳδίας
705 2517 862 2609 ἐχόμενα.
907 2521 1012 2604 Atque
1046 2540 1146 2606 usque
1178 2521 1219 2584 ad
1251 2517 1313 2585 hoc
1345 2527 1428 2586 tem-

215 2661 286 2728 pus,
319 2646 356 2706 ut
376 2641 456 2712 dixi,
485 2638 550 2706 viri
573 2616 659 2704 docti
681 2640 765 2713 inter
789 2660 822 2706 se
845 2638 1051 2716 dissentiunt,
1095 2629 1146 2703 cui
1167 2637 1349 2704 fabularum
1373 2661 1428 2720 ge-

215 2760 284 2826 neri
312 2758 456 2825 Alcestis
489 2759 534 2824 sit
567 2757 752 2838 tribuenda,
781 2764 888 2823 utrum
918 2757 1160 2841 tragoediarum
1191 2794 1232 2805 -
1262 2763 1296 2823 at
1326 2760 1428 2823 multa

127 2934 130 2939 ,
214 2881 335 2958 insunt,
366 2897 450 2963 quae
472 2878 555 2943 satis
577 2876 671 2958 longe
693 2875 888 2943 abhorreant
911 2898 930 2942 a
953 2875 1101 2942 cothurni
1121 2878 1281 2958 gravitate
1305 2914 1361 2947 -—‚
1385 2900 1426 2942 au

214 2996 453 3064 comoediarum
476 3034 520 3045 -
542 3001 577 3061 at
608 3002 712 3062 totum
742 3002 965 3078 argumentum
990 2997 1095 3077 magis
1117 2996 1276 3076 tragicum
1298 2996 1426 3061 videtur

213 3137 285 3184 essa
306 3153 359 3197 —,
381 3135 423 3181 au
454 3114 571 3182 fabula
592 3117 736 3201 satyrica
757 3115 906 3181 habenda
928 3117 971 3181 sit
992 3152 1033 3162 —
1055 3113 1113 3180 sed
1136 3113 1189 3179 ubi
1212 3119 1288 3179 sunt
1311 3118 1423 3200 satyri.

212 3238 267 3303 ubi
290 3236 419 3303 Sileni?
442 3271 485 3281 —
507 3252 550 3299 an
585 3236 721 3320 denique
753 3254 873 3301 novum
912 3233 1074 3320 quoddam
1107 3253 1207 3316 genus
1230 3232 1291 3300 hae
1312 3233 1424 3300 fabula

212 3357 420 3461 significetur.

294 3490 385 3558 Haec
408 3495 460 3556 est
483 3491 644 3576 quaestio,
666 3492 705 3556 de
727 3510 791 3577 qua
812 3498 863 3556 tot
880 3489 941 3556 viri
954 3489 1136 3555 doctissimi
1158 3495 1255 3574 atque
1276 3489 1422 3571 ingenio-

211 3733 370 3799 videatur.
427 3729 548 3795 Tamen
573 3731 723 3816 quoniam
747 3731 776 3795 ei
798 3728 872 3809 viri,
895 3730 948 3813 qui
972 3729 1137 3814 principes
1161 3727 1317 3793 habentur
1339 3726 1421 3791 artis

209 3849 424 3938 philologicos
447 3853 480 3914 et
501 3850 661 3934 poeticae,
683 3846 886 3913 Godofredus
907 3846 1123 3927 Hermanuus,
1146 3843 1311 3921 Goetlrius,
1333 3844 1420 3912 Wie-

207 3971 324 4037 landus
355 3972 454 4033 antea
483 3970 524 4036 de
550 3966 613 4034 hac
642 3988 676 4034 re
699 3966 958 4052 disputaverunt,
981 3985 1076 4051 quam
1097 3965 1316 4045 fragmentum
1340 3964 1421 4029 illud

202 4140 407 4158 m-

275 4223 300 4292 1)
317 4223 387 4277 Nam
404 4239 498 4276 versus
518 4225 686 4277 rrae-1162
703 4236 756 4273 non
772 4219 896 4273 ridentur
912 4219 965 4272 huo
981 4220 1122 4287 pertinere,
1150 4234 1224 4287 quos,
1242 4233 1302 4270 cum
1319 4219 1419 4270 eisdem

206 4326 294 4379 verbis
310 4328 424 4394 quatuor
441 4325 512 4378 aliae
535 4324 644 4377 fabulae
662 4322 822 4390 Euripideae
846 4321 1044 4386 concludentur,
1067 4320 1264 4384 Andromacha,
1288 4318 1419 4382 Bacchae,

205 4429 317 4492 Helena,
334 4425 437 4491 Medea,
455 4425 502 4477 diu
516 4427 575 4494 jam
593 4426 642 4476 riri
660 4425 730 4477 docti
748 4424 851 4491 spurios
869 4437 927 4474 esso
945 4426 1111 4473 censuerunt.

1560 572 1594 611 Μ
