3210 4914
661 267 955 333 ..21-

296 433 502 521 Reliquorum
518 457 730 523 personarum
749 444 785 504 ut
807 438 897 504 brevi
920 438 1116 504 mentionem
1137 437 1266 515 faciam,
1286 437 1413 523 Apollo,

213 569 318 633 quem,
354 555 439 639 quod
464 559 507 621 rci
530 557 629 621 totius
660 566 773 621 auctor
794 562 888 623 esset.
917 555 1065 621 idoneum
1088 554 1188 622 luisse
1211 554 1413 621 Hermaonus

213 677 299 736 recte
323 675 457 738 adnotat
481 674 610 759 prologo
628 674 752 754 agendo
768 674 1023 760 excitandaeque
1046 675 1114 759 spei
1138 676 1178 739 dc
1201 674 1322 740 auxilio
1332 672 1413 740 Her-

215 787 305 866 culis,
334 791 562 857 amicissimum
586 793 725 858 Admeto
749 814 783 858 se
816 798 969 878 praestat,
1004 792 1057 858 cui
1079 798 1114 857 ut
1136 813 1226 878 opem
1250 794 1343 864 ferat,
1373 811 1414 858 ne

215 905 289 971 Orci
312 909 442 992 quidem
465 913 688 993 contagionem
712 911 911 977 reformidat.

297 1025 399 1094 Orcus
422 1033 527 1094 autem
551 1031 599 1095 ita
623 1029 818 1115 depingitur,
841 1034 875 1095 ut
897 1049 1008 1093 revera
1025 1024 1170 1096 θάνατος
1192 1033 1258 1093 est:
1283 1048 1412 1095 severus

214 1147 246 1206 et
267 1142 488 1213 inexorabilis.
518 1149 608 1226 Quod
631 1169 706 1214 vero
725 1147 904 1232 Koecblyus
928 1166 1039 1218 exeo,
1062 1145 1315 1232 quodHerculeo
1333 1147 1412 1213 dicit

463 1304 497 1314 -
524 1304 566 1314 -
587 1304 628 1314 -
651 1269 711 1329 aori
729 1291 775 1329 vo)
799 1258 946 1352 εὑρήσειν
970 1264 1057 1329 δοκῶ

414 1384 552 1449 πίνοντα
576 1381 710 1471 τύμβου
733 1382 872 1470 πλησίον
895 1378 1173 1470 προςφαγμᾶτων,

215 1498 377 1566 concludit
398 1502 512 1569 Orcum
527 1509 669 1590 potorem
694 1505 854 1589 quendam
876 1510 909 1569 et
931 1505 1036 1568 animo
1060 1502 1167 1568 humili
1191 1509 1285 1589 atqua
1307 1503 1410 1581 illibe-

214 1617 273 1682 rali
298 1639 378 1697 csse,
400 1621 508 1707 lepida
532 1632 565 1687 ut
582 1624 625 1687 sit
641 1624 835 1704 conjectura,
854 1631 941 1686 certo
958 1622 1095 1687 facetior
1120 1641 1212 1706 quam
1228 1621 1331 1687 verior
1353 1626 1409 1689 est.

214 1734 366 1802 Veterum
399 1742 483 1806 euim
513 1742 691 1816 sententia,
723 1746 758 1805 ut
787 1749 911 1806 ceteros
941 1741 1038 1812 deos.
1069 1742 1114 1805 ita
1137 1727 1260 1807 orcum
1287 1760 1409 1826 quoquc

213 1856 351 1938 dapibus
374 1857 482 1925 libatis
506 1860 708 1925 fruisolitum
733 1879 812 1931 esse.
838 1859 932 1923 nimis
955 1869 1064 1923 notum
1089 1863 1148 1939 est,
1170 1878 1263 1945 quaro
1288 1859 1409 1944 dequo

216 1976 312 2039 verba
334 1976 483 2041 facienda
504 1979 579 2044 sint.
623 1981 672 2043 Ao
696 1981 792 2042 ctiam
816 1979 958 2059 umbrae,
988 1999 1058 2042 cum
1082 1977 1270 2055 sauguinem
1305 1978 1432 2042 orium·

215 2091 325 2158 bibant
347 2093 482 2159 humiles
507 2098 557 2162 vel
579 2096 754 2162 illiberales
779 2103 879 2162 suot?

297 2210 431 2279 Restant
460 2215 588 2288 ancilla,
620 2215 659 2280 de
696 2236 760 2300 qua
781 2215 860 2280 nihil
883 2215 1062 2279 addendum
1086 2222 1143 2291 est,
1165 2214 1324 2292 Eumelus,
1356 2218 1409 2301 qui

214 2329 404 2396 mollissima
425 2333 877 2401 lamentatiooerehemeuter
899 2338 1096 2419 spectatores
1119 2334 1329 2398 commovisse
1352 2356 1410 2419 po-

212 2450 330 2519 tandus
350 2457 409 2532 est,
427 2472 548 2535 servus,
571 2455 712 2538 quicum
732 2450 895 2519 invehitur
912 2454 945 2516 in
964 2448 1068 2531 ξένον,
1091 2436 1410 2540 unocuppcouloiua

215 2571 269 2626 aui
293 2564 418 2653 λήστην
440 2568 514 2635 τινά
537 2572 630 2638 valde
652 2593 711 2638 nos
734 2573 882 2637 delectat.

297 2685 419 2754 Chorus
442 2692 577 2776 denique
606 2697 734 2756 constat
755 2710 772 2755 c
794 2689 873 2754 viris
896 2687 1070 2766 Pheraeis;
1107 2707 1201 2753 senes
1230 2689 1313 2754 onim
1347 2710 1411 2757 non

215 2824 285 2867 csse
306 2805 503 2886 significatos
526 2811 610 2874 infra
633 2807 934 2874 demonstrabimus.

298 2923 384 2991 Haec
407 2926 561 2993 hactenus
584 2930 623 2994 de
647 2931 812 3014 personis!
837 2963 877 2974 -

298 3042 510 3111 Transeamus
544 3046 586 3111 ad
614 3047 870 3129 investigandam
901 3044 1029 3111 fabulae
1059 3045 1208 3112 indolem.
1259 3045 1306 3111 De
1338 3065 1411 3131 qua,

213 3166 249 3224 ut
278 3162 356 3241 dixi,
389 3173 525 3249 quatuor
552 3168 756 3252 potissimum
786 3167 964 3231 sentcntiae
997 3165 1143 3249 prolatae
1176 3171 1266 3241 suot;
1297 3167 1410 3250 prima,

215 3280 356 3346 Alcestin
380 3302 450 3349 esse
472 3287 684 3367 tragoediam,
706 3285 740 3350 id
763 3288 846 3370 quod
870 3283 1067 3358 Wielandus‚
1094 3258 1307 3363 Hermannus,
1328 3282 1412 3348 Har·

213 3403 351 3486 tongins,
387 3401 621 3487 Firnhaberus,
656 3403 1004 3486 Wagnerustuentur,
1031 3401 1152 3476 altera,
1187 3401 1338 3465 accedere
1370 3400 1422 3464 ad»

156 3552 158 3558 ·
212 3521 421 3603 comoediam,
442 3530 478 3587 ut
500 3522 681 3609 Koecblyus
704 3523 815 3604 voluit,
837 3522 943 3601 tertia,
964 3520 1106 3587 fabulam
1130 3520 1305 3601 satyricam
1329 3537 1410 3594 esse,

198 3640 296 3724 *quod
320 3640 504 3722 Hedelinus,
527 3643 727 3724 Lessingius,
749 3640 874 3706 Denina
889 3640 943 3705 alii
969 3644 1170 3706 censuerunt.
1193 3641 1318 3722 quarta,
1340 3655 1411 3700 esse

211 3759 352 3824 medium
369 3761 529 3846 quoddam
541 3764 625 3827 inter
640 3763 839 3843 tragoediam
854 3765 887 3825 ct
900 3759 1106 3823 comoediam.
1128 3755 1236 3839 Atque
1248 3754 1328 3820 hanc
1342 3774 1412 3819 sen-

211 3878 344 3943 tentiam
363 3881 488 3966 plurimi
512 3879 752 3945 recentissimae
764 3879 881 3944 aetatis
898 3877 957 3941 riri
980 3877 1065 3941 docti
1089 3873 1302 3960 protulerunt,
1324 3870 1413 3936 velut

210 3997 455 4083 Duentzer·us,1)
479 4000 515 4066 0.
535 3998 750 4079 Muellerum)
772 3993 1104 4073 Raucbeneteinius,³)
1126 3992 1350 4059 Bucbbolzius.

210 4120 255 4127 μ..

277 4168 301 4233 1)
318 4167 359 4219 ne
371 4169 504 4237 neopum
518 4169 659 4222 craesum.
675 4168 720 4219 In:
737 4151 915 4219 neretum).
931 4164 1111 4216 carrorum.
1122 4163 1257 4231 Perage.
1267 4159 1413 4228 boppone
1492 4128 1495 4131 ’

275 4253 301 4319 2)
320 4253 477 4308 Geschichte
496 4255 543 4306 der
560 4255 742 4323 griechischen
759 4252 900 4303 Liberatur.
935 4249 1007 4302 Toni.
1026 4252 1041 4300 2
1058 4265 1084 4316 p.
1103 4232 1159 4301 lb'l.

278 4339 304 4406 3)
320 4338 371 4390 Die
389 4340 502 4392 Alcestis
520 4339 713 4407 desEuripidee
731 4339 771 4389 als
787 4335 934 4388 beecndere
952 4334 1070 4401 Gattung
1087 4333 1134 4385 deo
1152 4330 1337 4420 griechischen
1346 4326 1413 4380 Dra·
1456 4414 1467 4421 ..

205 4440 270 4482 mae.
288 4423 386 4477 Aaron.
