3210 4914
592 391 912 497 5³5-

170 581 269 644 genus
299 561 428 629 exhibet
457 583 541 631 nuno
572 566 614 631 ad
648 563 813 646 vulgarem
842 585 941 651 prope
970 584 1148 632 sermonem
1182 543 1368 641 deseendit;

170 699 250 768 quae
271 680 408 770 denique
429 682 462 749 id
484 688 609 769 spectat
629 689 665 749 ut
687 683 872 765 tragoediae
902 682 1091 766 dignitatem
1121 694 1154 751 et
1183 683 1368 750 comoediae

168 798 335 865 lasciviam
357 801 441 866 iuter
463 820 498 867 se
520 803 694 884 conjungat
715 805 747 866 et
769 803 861 887 quasi
882 802 1083 875 reconciliet,
1112 803 1227 889 sieque
1255 802 1366 869 turba·

167 925 235 985 tam
257 920 434 984 animorum
456 918 648 1005 aequitatem
671 920 703 985 in
724 920 886 1002 integrum
916 922 1149 998 restituat.“-
1191 919 1252 988 His
1281 921 1368 987 viro·

167 1057 236 1102 rum
260 1035 426 1102 doctorum
451 1038 620 1104 sententiis
643 1038 789 1104 omnibus
811 1039 880 1104 fere
901 1040 1012 1106 eodem
1033 1038 1258 1125 spectantibus
1274 1059 1367 1125 pror·

168 1174 223 1221 sus
244 1175 295 1221 me
316 1155 470 1222 adsentiri
501 1156 653 1242 profiteor
686 1157 888 1242 maximeque
918 1156 1103 1224 Buohholzii
1135 1157 1260 1240 judicio
1290 1158 1366 1227 sub·

168 1273 284 1344 scribo.
308 1275 361 1361 qui
384 1273 470 1361 quod
492 1275 660 1341 eonsilium
689 1274 859 1361 Euripides
887 1275 922 1341 in
950 1274 1116 1342 Alcestide
1148 1276 1259 1343 fabula
1280 1296 1365 1344 eom·

168 1393 317 1479 ponenda
338 1402 466 1459 seeutus
486 1395 547 1475 sit,
576 1399 644 1459 tam
674 1396 800 1476 egregie
825 1395 1001 1480 expressit,
1037 1399 1073 1459 ut
1107 1395 1163 1459 vix
1193 1396 1365 1481 quiequam

167 1511 349 1578 addendum
371 1513 527 1578 videatur.
572 1512 691 1579 Tamen
713 1531 734 1578 a
755 1512 949 1578 Buehholzio
979 1515 1013 1579 in
1042 1533 1169 1580 unare
1198 1514 1365 1597 dissentio,
1422 1594 1427 1608 .

167 1630 207 1697 de
228 1651 292 1717 qua
314 1633 498 1718 priusquam
516 1631 672 1697 disseram
701 1650 740 1696 ea
768 1629 1050 1697 commemoranda
1083 1631 1252 1712 videntur,
1285 1653 1365 1720 quae

166 1769 233 1816 non
254 1752 348 1836 pauni
370 1751 429 1815 viri
452 1749 538 1815 doeti
562 1748 601 1815 de
623 1748 753 1816 lahulae
775 1750 900 1832 „idea,“
930 1769 1025 1836 quam
1054 1757 1188 1829 vocant,
1222 1734 1369 1838 protuless

165 1875 251 1947 runt,
272 1888 352 1955 quae
366 1873 474 1935 tamen
488 1868 627 1934 breviter
639 1873 762 1935 tantum
778 1869 1003 1953 perstringam.
1026 1871 1132 1956 Atque
1154 1868 1363 1956 Brumoeus¹)

167 1988 295 2073 quidem
320 1985 379 2053 hoo
400 1986 529 2054 fabulae
552 1989 751 2074 propositum
774 2006 843 2052 esse
866 1994 993 2066 eenset,
1027 1996 1063 2053 ut
1083 1988 1237 2085 uirtutem
1267 2008 1362 2076 prae-

166 2109 230 2173 mio
261 2107 344 2172 athei
373 2107 546 2173 diseamus.
590 2105 682 2184 Quod
709 2106 816 2191 ipsum
843 2112 953 2172 tamen
982 2126 1052 2172 oum
1085 2106 1255 2196 permultis
1290 2107 1363 2174 aliis

165 2246 290 2314 qnoque
310 2224 429 2291 fabulis
450 2225 695 2303 demonstretur,
717 2245 781 2290 non
803 2224 906 2298 video,
929 2244 986 2291 our
1005 2226 1041 2290 in
1059 2225 1140 2291 hano
1158 2226 1360 2312 potissimum

164 2348 271 2413 eadat.
314 2343 450 2411 Prorsus
473 2362 548 2409 vero
571 2362 696 2410 errasse
723 2349 803 2427 puto
826 2320 1018 2426 Wagnerum
1043 2343 1277 2424 conicientium,
1298 2345 1360 2412 Eu·

162 2466 311 2553 ripidem,
333 2465 482 2549 quoniam
507 2482 571 2527 non
593 2461 766 2528 admodum
787 2461 910 2529 faveret
932 2460 1046 2548 puellis
1067 2462 1107 2528 oh
1130 2483 1263 2549 eamque
1291 2483 1360 2530 rem

163 2584 204 2651 ab
225 2582 444 2668 Aristophane
465 2578 762 2666 reprehenderetur,
784 2580 843 2646 hoe
865 2581 984 2646 orimen
1007 2599 1027 2645 a
1048 2600 1083 2646 se
1108 2581 1360 2649 amoliristudu·

162 2705 227 2771 isse
248 2701 310 2768 hao
330 2699 499 2783 tragoedia
521 2697 596 2765 κατ’
619 2689 726 2787 εὐχήν
747 2698 916 2765 mulierum
938 2700 1130 2785 conscripta.
1175 2698 1265 2778 Quae
1286 2720 1360 2767 oum

160 2842 251 2889 mera
272 2820 456 2904 conjectura
477 2820 633 2898 nituntur,
654 2822 721 2883 tum
744 2838 781 2883 eo
802 2817 1005 2897 refutantur,
1036 2817 1121 2906 quod
1149 2818 1184 2884 in
1205 2819 1279 2905 ipsa
1299 2820 1359 2887 hae

161 2939 337 3022 tetralogia
360 2939 565 3004 inueniuntur
600 2954 681 3021 quae
713 2956 733 3002 a
765 2943 877 3023 poeta,
893 2936 1031 3002 maxime
1065 2936 1294 3003 contumeliose
1325 2940 1359 3006 in

162 3057 312 3126 mulieres
333 3057 592 3145 pronuntientur,
613 3056 642 3122 si
665 3055 769 3121 minus
791 3056 824 3121 iu
839 3056 911 3140 ipsa
928 3053 1138 3122 Alcestide-
1164 3074 1358 3142 quamquam

160 3179 259 3244 etiam
281 3177 315 3242 in
335 3175 396 3243 hae
416 3174 528 3241 fabula
550 3156 694 3260 quantuli
726 3174 964 3240 matrimonium
995 3173 1156 3251 aestimet,
1186 3172 1378 3261 Euripides

159 3298 264 3378 dooet,
298 3314 370 3361 oum
399 3293 564 3361 Pheretem
600 3292 759 3359 dicentem
793 3292 969 3357 faeiatz-
987 3326 1026 3341 -
1071 3287 1158 3381 (oapi
1187 3286 1375 3383 τοιούτους,

159 3413 284 3507 γάμους
305 3407 395 3478 λύειν
415 3409 586 3502 βρότοισιν
610 3407 629 3499 ἢ
652 3411 770 3500 γαμεῖν
794 3402 854 3475 οὐκ
876 3404 973 3492 diicat
992 3446 1034 3459 -
1077 3418 1184 3477 tamen
1212 3414 1247 3478 in
1272 3418 1357 3480 cete-

157 3537 205 3602 ris
226 3533 418 3616 tetralogiae
447 3530 575 3597 fabulis.
619 3528 721 3608 Quidl
755 3529 841 3616 quod
870 3530 903 3595 in
934 3527 1077 3611 Cressis,
1110 3537 1147 3597 ut
1174 3528 1356 3616 exemplum

157 3653 299 3731 afferam,
319 3650 401 3717 haee
424 3654 554 3718 exstant
575 3649 690 3716 verba:

357 3813 395 3886 οὗ
418 3816 480 3910 γάρ
503 3818 578 3885 ποτ’
600 3814 702 3907 ἄνδρα
724 3816 782 3885 τὸν
805 3814 909 3902 σοφὸν
931 3813 1062 3904 γυναικὶ
1085 3816 1156 3907 χρὴ

357 3938 468 4005 δοῦναι
490 3934 660 4026 χαλινοὺς,
684 3929 749 4002 οὐδ’
778 3935 895 4019 ἀφέντ’
921 3933 978 4000 ἐᾶν
1009 3937 1154 4024 κρατεῖν.

355 4053 473 4124 πιστὸν
495 4053 558 4142 γὰρ
582 4049 672 4122 οὐδέν
696 4053 794 4121 ἐστιν·
817 4056 846 4120 εἰ
867 4053 899 4120 δὲ
921 4079 970 4133 τις
990 4055 1082 4144 κυρεῖ

255 4212 258 4217 <
355 4171 507 4263 γυναικὸς
529 4171 659 4261 ἐσθλῆς,
683 4170 824 4261 εὐτυχεῖ
847 4170 949 4238 κακὸν
972 4170 1098 4252 λαβών.

165 4402 356 4414 -ι-ἐ-

220 4486 244 4551 1)
261 4478 377 4537 Τὴέιιτο
394 4484 440 4537 dea
460 4486 548 4537 Grae-e.
567 4483 612 4535 To.
630 4488 653 4535 t.
673 4502 697 4551 p.
715 4489 762 4536 381
783 4502 838 4551 sqq.
