3210 4914
630 386 930 455 ...31-

174 562 267 631 >trino
290 562 611 652 &paparocerricet‘t
634 595 675 608 -
696 558 726 625 A
749 578 813 644 qua
834 540 1020 623 comoediae
1043 555 1260 641 descriptione
1283 571 1380 638 quern

174 684 269 766 louge
293 683 385 749 abest
406 680 526 755 fabula,
549 670 588 744 de
611 696 675 763 qua
697 679 839 758 agimus!
863 676 907 742 Ut
928 678 1011 740 eninr
1036 673 1115 740 nibil
1137 674 1247 739 dicam
1270 668 1380 736 oest-

174 801 297 868 cestide
318 801 400 886 ipsa,
423 819 519 886 quam
542 814 713 883 personam
736 816 812 862 rere
834 793 989 875 tragicam
1022 813 1094 860 esse
1123 793 1192 876 y‘am
1228 789 1380 875 exposui·

175 939 258 998 rous,
280 924 317 985 ut
337 927 461 985 taceam
485 918 524 982 de
546 914 672 983 Eumeli
704 913 878 980 tenerrima
910 913 1151 984 lamentatione,
1174 918 1210 978 ut
1243 910 1381 996 denique

172 1038 282 1125 ipsum
295 1037 467 1104 Admetum
490 1034 615 1102 silentio
629 1040 841 1119 praeteream,
862 1031 917 1119 qui
934 1033 1096 1116 pravitate
1112 1050 1189 1096 sane
1203 1050 1268 1096 non
1281 1039 1381 1114 caret,

175 1155 306 1222 ridiculi
328 1155 556 1226 neminimum
589 1152 716 1238 quidem
746 1151 896 1235 praebet:
920 1151 1059 1236 -quid
1092 1150 1223 1216 tandem
1246 1150 1286 1216 de
1311 1156 1381 1218 tota

176 1275 306 1342 fabulae
335 1275 461 1340 actione
492 1273 658 1337 dicemus?
691 1291 766 1336 num
794 1270 837 1335 ad
866 1272 966 1335 risum
999 1269 1193 1335 movendum
1228 1269 1381 1355 prologus

177 1392 314 1460 habetur
335 1392 501 1477 Orcusque
521 1392 555 1455 in
579 1408 730 1455 scaenam
749 1391 881 1474 proditt
904 1407 945 1455 an
967 1409 1094 1454 soccum
1118 1389 1264 1455 redolent
1284 1409 1382 1471 mors,

177 1512 275 1577 funus
296 1510 496 1577 Alcestidis't
524 1528 564 1573 an
587 1509 724 1593 denique
755 1514 886 1592 praeter
914 1528 1011 1572 unum
1043 1507 1211 1573 Herculem
1242 1526 1383 1593 persona

178 1630 244 1696 ulla
266 1628 391 1695 comica
419 1628 602 1693 1111111111
637 1646 710 1691 nam
734 1625 932 1705 1111111111,
969 1627 1023 1711 qui
1046 1625 1193 1691 Herculis
1225 1626 1383 1712 intempe-

176 1750 315 1814 rantiam
339 1749 556 1831 conqueritur,
579 1745 674 1810 nimis
697 1741 857 1809 secundas
880 1748 992 1828 partes
1021 1746 1098 1826 agit,
1131 1763 1226 1830 quam
1250 1765 1290 1811 ex
1319 1765 1382 1831 qro

175 1865 309 1931 fabulae
333 1865 454 1931 indoles
478 1866 629 1948 cognosci
647 1865 759 1950 possit.
783 1870 920 1949 suntque
936 1861 1031 1926 etiarn
1049 1864 1246 1945 tragoediae,
1267 1865 1301 1929 in
1314 1866 1384 1950 qui·

177 1984 238 2050 bus
261 2003 372 2050 servus
395 1992 451 2049 aut
471 1983 545 2050 talis
568 1983 683 2068 aliquis
706 1983 847 2047 comicas
878 1986 991 2067 partes
1023 1983 1188 2068 suscipiat,
1217 1982 1306 2048 velut
1326 2002 1382 2049 cu·

179 2110 248 2168 etos
269 2103 302 2167 in
324 2100 492 2187 Sophoclis
515 2104 686 2184 Antigona.
714 2137 750 2150 -

263 2219 325 2286 Sed
347 2242 388 2287 ne
410 2219 591 2306 Koechlyus
614 2219 744 2306 quidem
767 2238 888 2284 meram
911 2218 1110 2285 comoediam
1130 2238 1200 2285 eam
1222 2239 1382 2287 1111111-

119 2405 124 2414 ,
177 2333 253 2405 suit.
274 2338 330 2404 alii
352 2338 415 2404 riri
433 2340 518 2404 docti
544 2340 583 2404 de
605 2336 772 2403 comoedia
795 2339 924 2403 omnino
947 2357 1011 2403 uon
1042 2337 1276 2419 cogitaverunt.
1321 2339 1382 2406 Ille

123 2426 133 2447 ⁰
177 2464 288 2523 autern
309 2460 360 2522 vir
382 2457 587 2523 doctissimus
611 2457 771 2542 opinatur,
793 2455 983 2541 Euripidem
1005 2455 1065 2521 hac
1088 2456 1199 2522 fabula
1222 2466 1382 2544 spectato·

179 2573 270 2640 ribus
293 2577 428 2661 primum
451 2582 525 2642 ante
548 2575 659 2641 oculos
692 2576 838 2660 posuisse
870 2574 1052 2661 exemplum
1076 2574 1185 2658 justae
1213 2576 1383 2659 cujusdam

178 2700 212 2759 et
240 2693 386 2761 omuibus
419 2696 486 2760 fere
518 2694 658 2760 numeris
688 2693 858 2759 absolutae
887 2694 1173 2774 tragicomoediae.
1216 2696 1287 2774 „Ex
1318 2717 1381 2783 quo

178 2812 263 2878 enim
295 2813 536 2894 tragoediarum
570 2832 728 2899 personae
750 2832 770 2877 a
791 2810 921 2877 sublimi
956 2811 1011 2876 illo
1033 2811 1185 2898 Aeschyli
1214 2817 1305 2899 quasi
1327 2837 1383 2898 co<

176 2930 292 2996 thuroo
314 2939 346 2998 et
369 2931 548 3017 mythorum
572 2931 936 3017 epicorum‘magnificis
960 2930 1115 3016 exemplis
1145 2932 1302 3017 paulatim
1325 2936 1381 3002 de·

177 3048 372 3115 scanderent
403 3060 435 3116 11
464 3050 506 3116 ad
535 3070 643 3116 eorum
675 3047 856 3120 hominum.
886 3050 941 3135 qui
972 3053 1041 3113 tum
1074 3059 1191 3121 essent,
1220 3071 1326 3119 mores
1350 3059 1382 3120 11

176 3168 355 3234 sententias
378 3187 397 3232 a
412 3169 517 3253 poetis
533 3170 821 3244 confirmarentur,
844 3172 1039 3249 argumenta
1053 3174 1161 3235 autem
1176 3189 1223 3251 ea,
1246 3190 1381 3256 quorum

176 3286 329 3350 tractatio
354 3289 503 3372 satyricis
525 3286 644 3354 fabulis
667 3290 785 3371 optime
809 3287 1007 3368 conveniret,
1029 3305 1049 3349 1
1070 3289 1172 3372 poetis
1195 3290 1274 3355 trita
1305 3309 1380 3357 sen·

104 3428 106 3433 ·
175 3404 238 3468 sim
259 3402 461 3471 obsolescere
482 3412 514 3472 11
536 3402 773 3492 111111111111
803 3402 927 3488 aliquid
959 3402 1099 3496 fcrtasse
1131 3405 1230 3472 taedii
1262 3406 1379 3476 afferre

176 3522 368 3607 coepissent.
391 3519 576 3591 111111111τί
601 3527 756 3610 potuisse,
779 3530 814 3589 ut
835 3532 933 3608 poeta
954 3523 1079 3607 aliquis,
1102 3539 1291 3591 notatarum
1307 3527 1379 3595 illa·

174 3659 244 3706 rum
268 3643 504 3725 tragoediarum
528 3643 685 3730 exemplis
707 3649 823 3720 motus,
846 3640 943 3706 etiam
966 3640 1000 3706 in
1028 3640 1213 3725 Satyrorum
1243 3649 1276 3710 et
1296 3645 1379 3713 Sile-

174 3777 291 3825 norum
333 3759 439 3828 locum
461 3782 561 3829 noros
591 3762 685 3848 quasi
720 3760 876 3848 quosdam
907 3761 1048 3844 partium
1072 3760 1268 3843 agendarum
1290 3766 1380 3830 rica·

175 3875 241 3942 rios
263 3879 410 3946 suficere
445 3881 587 3947 animum
618 3882 796 3948 induceret,
828 3886 925 3966 atquo
953 3876 1014 3944 hoc
1047 3879 1217 3947 commode
1237 3901 1258 3947 e
1276 3886 1379 3969 quoti-

174 3993 279 4061 dianis
300 3996 365 4063 illis
387 3997 505 4063 civium
528 3998 720 4086 plebejorunr
745 3997 876 4064 circulis
899 3995 985 4063 sumi
1006 4014 1102 4081 posse
1125 4000 1379 4083 opinaretur‘·.²)

173 4109 266 4192 Quod
288 4133 326 4180 eo
348 4116 444 4182 modo
467 4124 635 4184 assecutus
663 4124 714 4184 est
738 4117 786 4182 vir
807 4117 1097 4200 ingeniosissimus,
1120 4123 1156 4182 ut
1177 4136 1287 4184 omnes
1307 4139 1380 4205 per·

172 4249 271 4298 sonas
295 4241 431 4321 excepta
450 4235 615 4303 Alcestide
638 4239 709 4323 ipse
727 4237 763 4302 in
779 4234 892 4319 jocum
915 4241 1045 4301 mearet
1075 4238 1238 4322 verbaque
1270 4256 1381 4304 eorum

174 4398 378 4422 ——m

241 4484 268 4549 1)
283 4485 424 4543 Beudixen
441 4489 491 4555 „do
506 4483 642 4545 Mutuus
657 4489 817 4560 Euripideu⁸
834 4488 962 4558 (Abstru
976 4486 1142 4557 MDClffl)
1156 4505 1182 4558 p.
1199 4493 1242 4543 α’

1446 4482 1481 4546 *b
