3210 4914
698 331 987 395 -la..

246 520 322 566 rum
340 499 513 583 hominem,
535 501 588 588 qui
602 501 654 567 vel
675 502 709 567 in
723 501 892 569 Tartarum
906 503 1101 571 descendere
1116 509 1253 591 paratus
1275 511 1335 577 est,
1357 505 1451 573 dum·

245 618 342 685 modo
365 620 428 685 sibi
450 627 535 686 esset
556 619 674 706 Orphei
698 642 771 687 vox.
814 621 1003 689 Fortissima
1028 630 1113 689 certe
1135 630 1210 690 sunt
1232 624 1338 718 verba,
1365 643 1448 709 quae

246 740 342 805 modo
364 758 404 804 ne
427 760 507 825 opus
529 740 572 804 sit
593 741 688 804 iactis
711 741 930 826 comprobare.
951 778 993 788 —
1035 741 1147 828 Neque
1175 761 1251 808 vero
1283 740 1447 829 Koechlyo

245 848 396 923 assentiri
424 876 567 943 possum,
597 859 625 924 si
647 855 726 924 haee
755 866 788 923 et
816 858 934 925 similia
966 861 1120 926 comicum
1153 861 1353 947 potissimum
1382 862 1447 926 vim

245 975 364 1043 habere
385 983 512 1055 oenset;
534 978 680 1062 equidem
704 977 866 1069 ca'magis
889 976 1030 1044 taedium
1054 998 1148 1064 quam
1171 980 1272 1045 risum
1302 979 1446 1046 excitare

244 1097 334 1180 puto.
356 1128 397 1142 -

330 1212 393 1279 Sed
415 1219 501 1283 sunt,
522 1216 576 1299 qui
603 1213 685 1280 hano
716 1212 850 1280 Admeti
882 1216 1043 1298 ignaviam
1076 1235 1231 1282 excusare
1258 1234 1353 1303 posse
1384 1213 1446 1281 sibi

246 1332 308 1398 visi
330 1333 410 1414 siut,
453 1352 525 1398 cum
570 1333 701 1398 divitias
734 1334 803 1416 ejus
836 1334 981 1420 bonaque
1012 1341 1244 1414 enumerarent,
1274 1340 1311 1400 ut
1331 1351 1447 1417 magno

246 1447 451 1517 cumdolore
474 1451 570 1515 vitam
595 1452 674 1516 adeo
698 1450 826 1518 beatam
848 1452 1088 1539 relinquendam
1120 1451 1221 1519 luisse
1245 1454 1446 1523 demonstra.

246 1575 328 1643 rent,
351 1588 447 1654 quam
468 1570 624 1634 rationem
646 1577 773 1655 praeter
794 1570 875 1636 alios
889 1569 1043 1637 Goethius
1064 1571 1138 1637 iniit
1158 1574 1191 1637 in
1213 1570 1339 1637 labella.
1365 1588 1443 1655 quae

245 1688 436 1754 inscribitur
457 1688 602 1769 „Gdtter,
624 1670 748 1754 Helden
770 1688 1024 1756 undWieland‘.
1066 1687 1136 1772 Ego
1158 1710 1231 1756 vero
1252 1689 1360 1755 iacere
1380 1707 1440 1752 non

245 1826 388 1895 possum,
410 1807 498 1893 quin,
521 1827 602 1891 quae
624 1807 678 1871 ille
700 1807 846 1893 protulit,
868 1809 1036 1890 sagaciora
1066 1828 1160 1893 quam
1184 1807 1311 1874 veriora
1332 1806 1442 1873 existi·

245 1946 329 1992 mem
352 1945 434 1992 esse.
455 1961 497 1974 -
538 1925 683 2010 Namque
705 1927 732 1991 si
755 1924 909 1991 Goetlrius
941 1926 1090 1993 omnibus
1118 1927 1213 1993 rebus
1242 1925 1445 2001 enumeratis,

246 2063 328 2130 quae
351 2045 451 2110 uitam
472 2043 603 2109 Admeti
625 2051 788 2126 ornarent,
810 2043 890 2111 haec
913 2044 1010 2111 dicit:
1041 2046 1125 2128 „und
1148 2047 1205 2111 der
1233 2045 1325 2111 sollte
1355 2044 1445 2110 nieht

246 2162 328 2246 cwig
348 2183 389 2228 nu
411 2161 504 2229 leben
525 2161 744 2228 wuinsolreni“
765 2198 807 2209 -
827 2164 862 2228 in
884 2169 1022 2230 mentem
1046 2163 1121 2229 milri
1145 2166 1233 2230 venit
1259 2164 1337 2229 illud
1361 2154 1445 2229 Wie-

245 2281 346 2353 landi
368 2281 432 2347 sibi
453 2279 582 2366 quidem
604 2278 666 2346 hoo
687 2281 728 2346 ab
750 2281 891 2347 Admeto
914 2284 1090 2362 aegerrime
1112 2282 1191 2348 lerri
1214 2281 1327 2360 videri,
1361 2281 1445 2366 quod

138 2483 142 2491 ι
244 2401 410 2468 Alcestide
432 2406 560 2466 mortua
581 2419 645 2464 non
664 2399 731 2483 jam
755 2399 816 2465 sibi
839 2401 905 2466 sint
926 2401 1009 2467 aliae
1032 2421 1160 2480 uxores,
1190 2421 1245 2486 pro
1267 2400 1337 2485 ipso
1364 2399 1447 2464 mori

245 2526 389 2607 paratae.
412 2554 451 2566 -·
495 2518 557 2585 Sed
580 2520 613 2584 in
635 2517 870 2605 fabulamque
892 2540 1002 2586 earum
1024 2518 1140 2597 rerum,
1172 2538 1250 2604 quas
1271 2519 1367 2583 modo
1396 2523 1445 2583 at·

246 2639 316 2718 tuli,
338 2637 437 2703 ullum
460 2635 630 2720 vestigium
652 2638 821 2722 reperitur.
844 2658 945 2723 neque
967 2637 1035 2721 ejus
1058 2657 1184 2714 causae,
1207 2658 1271 2722 qua
1292 2638 1374 2702 idem
1398 2637 1447 2701 vir

246 2755 525 2841 ingeniosissimus
547 2754 639 2837 fingit
658 2755 829 2850 Admetum
854 2765 1046 2825 commotum
1069 2776 1157 2822 esse:
1190 2763 1323 2841 propter
1344 2757 1447 2821 totius

247 2876 358 2964 populi
379 2874 525 2952 salutem,
547 2893 628 2959 quae
658 2875 744 2956 regis
775 2883 877 2940 morte
906 2876 1035 2960 periret,
1064 2876 1094 2941 ei
1124 2876 1299 2940 cauendum
1334 2873 1447 2951 luisse,

197 3066 204 3076 ,
247 3017 288 3063 ne
309 3000 514 3081 praemature
535 2994 602 3058 vita
624 2991 803 3059 decederet.
832 2992 914 3059 Nam
932 2994 958 3057 si
981 3013 1015 3059 re
1036 3013 1114 3059 uera
1135 2991 1195 3058 hae
1217 3000 1309 3057 eraut
1330 3009 1448 3057 causae

248 3114 407 3197 ignaviae,
431 3111 506 3197 quid
529 3112 712 3186 Admetum,
736 3131 776 3177 ne
798 3112 893 3197 patri,
925 3111 1030 3190 uxori,
1063 3108 1159 3177 choro
1190 3129 1245 3179 eas
1274 3115 1450 3195 exponeret

247 3231 422 3320 prohibuit,
446 3249 517 3295 oum
540 3249 624 3295 nunc
646 3230 793 3312 ignaviae
815 3231 925 3295 vitium
949 3250 968 3295 a
992 3240 1082 3315 patre
1106 3227 1334 3316 exprobratum
1359 3234 1449 3310 tanto

249 3352 377 3420 silentio
401 3357 594 3436 praetereat,
617 3354 651 3414 ui
672 3359 758 3414 recte
780 3348 964 3415 Hermanno
996 3351 1144 3415 videatur
1174 3348 1342 3427 confiteri?
1385 3346 1446 3414 Sed

248 3493 289 3538 ne
312 3462 561 3554 verbo'quidem
590 3466 678 3532 istud
708 3470 990 3532 commemoratur.
1033 3466 1140 3558 Immo,
1163 3485 1241 3535 vero
1268 3467 1370 3552 ipsius
1390 3462 1446 3534 Al·
1523 3517 1528 3521 .

249 3589 383 3656 oestidis
409 3586 574 3670 juventus,
602 3584 815 3671 pulchritudo,
849 3591 1013 3652 venustas.
1048 3586 1180 3654 divitiae
1212 3590 1448 3663 enumerantur,

250 3726 331 3795 quas
353 3705 532 3791 relinquere
555 3725 616 3768 non
638 3688 834 3769 dubitaverit
856 3704 1039 3791 promeriti
1062 3703 1176 3785 salute,
1199 3704 1330 3797 Admeti
1347 3721 1449 3791 neque

250 3826 292 3893 ab
315 3828 386 3911 ipso
409 3843 509 3909 neque
532 3843 551 3887 a
573 3821 670 3887 olroro
693 3813 810 3888 aut'ab
834 3823 896 3887 alio
920 3843 1077 3910 quoquam
1100 3827 1449 3888 commemorantur.-

251 3944 295 4013 Ut
316 3963 391 4010 uero
414 3960 522 4007 mores
543 3942 670 4006 Admeti
692 3928 734 4005 ab
755 3940 841 4005 illius
864 3943 981 4008 aetatis
1003 3941 1183 4007 hominibus
1216 3939 1343 4037 probati
1375 3939 1450 4009 sint.

251 4071 376 4131 tantum
398 4060 501 4134 abest,
523 4068 558 4123 nt
579 4066 611 4124 et
624 4056 787 4123 Pheretem
804 4065 928 4144 patrem
952 4059 1016 4125 lilio
1041 4058 1203 4142 ignaviam
1223 4059 1348 4124 crimini
1370 4058 1450 4125 dan·

206 4152 212 4159 ⁸
252 4192 317 4249 tem
340 4180 510 4263 Euripides
532 4178 642 4245 iaciat.
665 4178 717 4260 qui
741 4187 797 4251 „tu
819 4179 865 4242 eis
889 4177 1065 4255 maledicis,
1086 4179 1201 4265 inquit,
1231 4180 1284 4265 qui
1304 4183 1361 4243 tuo
1383 4174 1452 4252 loon

253 4303 332 4368 mitri
366 4297 499 4374 nolunt,
528 4294 687 4379 cumipse
719 4298 763 4360 sis
794 4302 860 4361 tam
892 4295 1095 4378 ignavus'‘¹t,
1131 4297 1262 4387 etipse
1292 4295 1451 4369 Admetus

634 4410 638 4419 ,
766 4404 788 4411 »,
1216 4396 1228 4422 ι

250 4406 454 4423 Μ

322 4455 348 4524 1)
364 4471 388 4506 v.
406 4456 470 4507 '1012
520 4476 554 4488 ···
570 4476 605 4487 -
620 4474 654 4486 -
670 4475 704 4485 -
723 4444 785 4520 κᾷτ’
802 4449 1048 4518 ὀνειδίζειςφίλοις

520 4533 577 4574 .-?.
597 4532 631 4580 uin
649 4530 763 4582 &aarum
783 4534 809 4566 ἶ·
822 4539 847 4573 ”o
867 4530 926 4582 *ᾆξ’
940 4532 1036 4587 Λμῆφὲψ
1058 4522 1092 4588 ἓν
1110 4520 1206 4579 ssahip·
