3210 4914
671 402 961 493 -sof-

295 581 415 661 Quodsi
428 574 671 661 Wagnerushos
684 594 809 661 quoque
824 569 1008 654 similesque
1032 582 1141 630 versus
1165 557 1254 644 „hai
1284 552 1418 646 εὖχήν“·

214 700 382 765 mulierum
401 700 537 785 scriptos
553 717 622 762 esse
639 700 755 761 censet.
778 698 900 756 rectum
924 708 993 753 eum
1018 688 1056 752 de
1070 682 1234 768 Euripidis
1247 678 1412 767 proposito

212 819 335 884 vidisse
359 818 545 894 concedam,
567 813 709 900 alioquin
732 818 768 876 ui
790 828 862 906 cam
884 829 921 874 eo
943 805 1060 871 faciam
1084 800 1203 868 adduci
1226 816 1356 884 nequeo.
1371 831 1412 842 -

297 974 346 1038 Ac
369 991 408 1036 ne
430 970 610 1037 Doeotzero
633 965 760 1053 quidem
783 962 1021 1028 assentiendum
1045 961 1105 1040 est,
1136 977 1172 1023 eo
1196 959 1332 1025 consilio
1355 959 1412 1027 Al·

215 1091 320 1155 cestio
343 1109 363 1155 a
384 1093 480 1175 poeta
516 1085 728 1171 compositam
759 1101 830 1147 esse
854 1080 1022 1167 judicanti,
1040 1084 1076 1144 ut
1098 1077 1254 1144 neminem
1278 1077 1412 1146 libenter

216 1207 301 1273 mori
330 1208 525 1285 ostenderet,
559 1205 612 1271 eui
633 1201 844 1269 Buchholzius
873 1200 984 1265 eodem
1013 1200 1084 1282 jure
1114 1197 1178 1263 dici
1199 1194 1297 1265 licere
1326 1204 1413 1265 recte

217 1326 361 1412 opponit,
385 1324 607 1393 Prometheum
631 1342 669 1389 eo
692 1320 824 1387 consilio
847 1319 1072 1407 abjAesohylo
1092 1341 1161 1387 esse
1184 1322 1411 1408 conscriptum,

215 1451 251 1511 ut
272 1446 432 1510 neminem
453 1443 592 1509 libenter
615 1441 759 1507 Caucaso
783 1440 869 1522 alfigi
893 1440 1029 1506 dilucide
1052 1439 1248 1521 ostenderet
1267 1479 1309 1490 —

167 1562 172 1572 '
300 1563 434 1629 Omissis
463 1575 570 1627 autem
594 1561 665 1626 aliis
689 1560 855 1624 sententiis
879 1561 917 1625 de
941 1560 1051 1625 eadem
1074 1579 1108 1626 re
1130 1559 1263 1645 prolatis
1286 1560 1318 1627 io
1341 1564 1413 1628 uui·

218 1701 348 1748 versum
370 1679 773 1759 Buchholzioadsentisr,
805 1680 859 1767 qui
881 1678 1036 1745 lubricum
1071 1697 1142 1744 esse
1165 1678 1254 1761 dicit,
1281 1678 1410 1747 fabulae

216 1820 383 1887 quaequae
401 1807 459 1880 est,
481 1799 580 1865 talem
591 1801 711 1884 ideam,
732 1807 962 1886 quamvooant‚
986 1798 1167 1879 obtrudere,
1188 1796 1418 1885 doquasspoete

218 1920 274 1983 vix
295 1919 495 2001 cogitaverit.
518 1956 559 1967 -

301 2070 403 2137 Aliud·
423 2079 481 2152 est,
516 2074 601 2158 qood
623 2072 685 2138 viri
707 2073 795 2139 docti
808 2073 912 2138 'unam
937 2072 1131 2158 eoudemque
1153 2073 1321 2137 materiam
1344 2091 1411 2136 om·

219 2189 314 2255 nibus
341 2191 533 2273 tetralogiae
564 2191 685 2258 fabulis
715 2212 752 2257 eo
785 2194 879 2257 modo
902 2196 1078 2257 tractatam
1104 2210 1174 2255 osse
1197 2197 1337 2268 censent,
1365 2194 1415 2267 ut,

218 2309 244 2372 si
268 2306 500 2394 Bernhardyi¹t
528 2310 634 2377 verbis
664 2310 818 2393 uitiiset,
850 2348 891 2359 -
924 2309 1002 2391 „die
1018 2309 1277 2375 noheueinauder
1297 2310 1411 2391 geord-

220 2430 317 2491 neten
333 2428 522 2510 Tragddien.
541 2429 659 2513 jedeia
672 2431 757 2495 ihrer
770 2426 880 2508 ll'eise,
904 2427 1003 2494 durch
1026 2428 1117 2494 einen
1130 2427 1267 2493 darriber
1285 2428 1413 2494 stehen-

221 2546 291 2615 dem
315 2546 399 2611 allen
422 2549 669 2629 geroeinsameu,
686 2522 769 2614 'aher
789 2552 859 2614 rein
883 2550 1065 2615 abstracten
1084 2545 1260 2614 Gedanhen
1283 2545 1415 2627 bedingt

222 2664 287 2731 trad
308 2671 463 2747 getragen
486 2671 646 2735 werden.“
668 2669 736 2734 Hac
758 2671 881 2734 rationo
903 2687 980 2733 usus
1001 2665 1177 2733 Schoellius
1201 2664 1292 2747 hujus
1313 2668 1415 2729 tetra-

222 2781 466 2862 lcgiaelabulis
495 2788 657 2853 mulierem
682 2786 821 2852 describi
843 2788 982 2872 exponit.
1017 2785 1065 2849 ita
1086 2782 1225 2868 quidem,
1256 2790 1292 2847 ut
1311 2782 1419 2867 prima

222 2903 388 2981 tragoedia
409 2925 466 2989 per
487 2905 641 2971 feminam
659 2906 864 2971 libidinosam
881 2906 971 2970 Atrei
991 2905 1120 2968 dorrmm
1143 2903 1264 2988 perisse
1285 2901 1417 2965 dornon-

222 3023 354 3098 otretur,
384 3023 486 3088 altera
514 3025 675 3090 mulierem
710 3026 918 3107 (ingenuam),
953 3024 1049 3088 nimis
1076 3028 1184 3086 sertem
1207 3020 1415 3085 confidentem

224 3146 365 3223 opponat
400 3148 496 3227 poeta
533 3144 711 3228 petulanti,
744 3147 840 3210 tertio
869 3142 972 3207 virilis
1011 3140 1102 3227 quasi
1139 3138 1269 3218 femina,
1303 3141 1420 3222 quauta

224 3277 300 3322 rora
321 3261 436 3325 mulier
459 3282 492 3327 se
515 3264 616 3348 ipsam
641 3263 762 3330 dedens
784 3284 842 3349 pro
865 3262 926 3326 viri
949 3260 1052 3326 salute
1075 3258 1278 3344 depingatur.
1320 3253 1418 3320 Prae·

222 3386 312 3443 terea
324 3381 600 3448 omnibusiabulis
620 3382 869 3467 hospitalitatem
888 3382 1015 3465 focique
1037 3380 1243 3443 sanctitatem
1268 3373 1418 3451 describi,

224 3517 320 3582 qnam
342 3500 463 3565 Atreus
486 3501 569 3565 malo
593 3501 664 3566 dolo
686 3501 818 3587 Thyesti
842 3500 1005 3587 praebeat,
1037 3496 1178 3580 Phegeos
1202 3495 1420 3577 summapic-
1475 3527 1480 3536 ·
1583 3518 1587 3535 ·

222 3623 288 3683 tate
311 3627 437 3695 serret3
460 3618 668 3706 Telephuma
686 3619 940 3704 Clytaemnestra
952 3617 1089 3703 hospitio
1113 3614 1225 3700 accipi,
1247 3610 1418 3678 Herculem

222 3739 359 3824 denique
382 3739 422 3803 ab
446 3741 596 3805 Admeto.
617 3779 658 3788 —
681 3736 1073 3821 Similiter-Bernhardyus
1097 3734 1191 3812 „Mau
1213 3732 1258 3798 ist
1279 3729 1421 3812 geneigt‚

220 3857 335 3941 inquit,
358 3860 389 3922 iu
414 3858 472 3924 der
494 3857 685 3924 Didashalie
706 3861 762 3924 der
783 3858 923 3945 Alcestis
946 3858 1016 3921 eine
1040 3850 1199 3918 rierlache
1216 3847 1421 3927 Darstelluug

223 3974 280 4040 des
303 3977 448 4060 Weibes,
482 3977 538 4041 des
569 3975 696 4042 Weibes
725 3979 755 4043 in
792 3976 897 4041 seiher
925 3974 1067 4038 reinsten
1089 3972 1189 4037 Treue
1219 3967 1284 4032 uod
1315 3966 1421 4031 seiner

223 4095 492 4163 schmahlichsten
508 4095 661 4179 Uutreue‚
684 4098 714 4161 in
732 4089 1149 4175 leiehtfertigerSchwache
1166 4087 1228 4153 und
1251 4087 1284 4151 in
1306 4092 1421 4151 maun·

222 4213 322 4279 licher
335 4216 460 4293 Starlre
476 4237 515 4281 zu
537 4213 722 4295 erhlichen,.
736 4212 849 4279 mithio
868 4212 937 4278 eine
954 4209 1053 4293 Folge
1076 4227 1138 4274 von
1149 4201 1424 4288 Sittengemtlden

218 4386 420 4401 w

289 4484 314 4549 ι)
330 4483 413 4534 ursan
432 4462 484 4535 {mu
504 4485 607 4537 astoer
626 4486 801 4550 „irnesidae
