3210 4914
654 419 925 485 ...6.-

179 589 391 672 oompositam
422 610 505 673 esse,
535 593 581 659 ita
602 593 732 680 qnidam
756 598 791 659 ut
814 591 954 659 Rhesum
978 591 1156 678 prinoipem
1170 590 1391 678 poeteeiabu·

178 701 242 769 lam
267 706 370 774 solam
395 710 514 777 editam
538 717 604 777 tres
627 711 820 795 tetralogiee
850 719 1073 798 sequerentur.
1103 729 1184 797 quas
1207 731 1317 777 orneres
1341 711 1391 777 iu·

81 874 84 881 .
178 824 347 893 tercidisse
370 826 543 896 dolendum
568 834 628 905 est,
664 830 781 897 deinde
806 830 895 911 haec,
918 830 1007 914 cujus
1031 836 1179 916 quartum
1202 828 1309 895 locum
1333 830 1391 897 Al·

178 946 274 1011 restis
298 946 473 1017 obtinebat.
517 949 684 1029 Quodcum
706 949 894 1037 Euripidem
917 970 1000 1017 auno
1022 970 1051 1016 a.
1068 950 1140 1018 (thr.
1154 947 1389 1025 n.ceot=01.

179 1062 229 1135 th,
255 1062 286 1146 i)
317 1076 428 1134 natum
460 1067 621 1171 Peliudasd
645 1066 1016 1136 consuetissimo
1049 1076 1105 1141 t=
1117 1067 1165 1138 Ol.
1187 1068 1239 1143 81.
1264 1070 1297 1149 1)
1321 1067 1389 1137 edi·

179 1179 266 1247 disse
294 1192 420 1254 constet
454 1186 610 1273 (Rhesum
639 1192 723 1255 anim
755 1187 861 1255 eiieuo
893 1187 1021 1254 nomine
1055 1186 1204 1254 docuisse
1235 1188 1388 1267 videtur),

177 1297 233 1365 illo
262 1307 415 1391 ternpore,
446 1326 517 1374 cum
549 1306 695 1375 Alcestin
725 1307 920 1393 composuit,
952 1325 1071 1372 anuum
1106 1306 1387 1393 quadragesimum

178 1417 313 1487 aiterum
338 1423 464 1507 egebat,
486 1425 715 1512 septemdecim
740 1436 845 1493 autem
869 1444 928 1514 per
951 1442 1053 1492 asinos
1072 1424 1191 1492 lehulis
1208 1425 1388 1493 scribendis

178 1556 309 1623 operam
334 1541 443 1625 dehet,
465 1551 500 1610 ut
521 1544 668 1627 singulas
690 1547 862 1633 quotannis
883 1543 1011 1611 fabulas
1033 1545 1141 1632 priore
1163 1544 1220 1613 illo
1240 1550 1387 1632 tempore

177 1674 248 1723 eum
273 1662 492 1747 composuisse
515 1664 707 1732 concludere
730 1664 836 1732 liccat.

261 1776 330 1845 Iioc
352 1800 424 1847 vero
447 1782 563 1869 ipsum.
587 1785 671 1870 quod
696 1783 836 1851 Alcestis
858 1788 992 1871 quartae
1021 1783 1212 1867 tetralogiae
1233 1792 1383 1872 quartum

55 1959 60 1969 ,
176 1894 281 1961 locum
311 1897 457 1979 obtinuit,
488 1901 790 1988 plurimum'valuit
813 1903 857 1969 ed
878 1923 947 1969 eam
978 1904 1099 1970 rectius
1130 1902 1386 1987 dijudicandam.

177 2012 319 2081 Primum
344 2019 429 2084 enirn
452 2040 491 2086 ex
516 2019 574 2087 hac
597 2040 631 2087 re
655 2022 878 2103 cognoscimus
901 2022 1042 2088 omnium
1066 2020 1314 2109 Euripidaarum
1337 2021 1386 2088 ia-

176 2132 346 2203 bulermn.
384 2157 465 2225 quse
499 2141 593 2207 nohis
628 2148 775 2207 servatae
811 2149 905 2213 suut.
944 2139 1089 2207 Alcestin
1125 2141 1384 2228 antiquissimam

175 2252 296 2331 esech.
342 2254 466 2325 Deinde
488 2267 594 2326 aretem
619 2280 710 2346 quem
734 2257 924 2341 tetralogiae
946 2258 1052 2325 iocum
1075 2259 1215 2327 Alcestis
1240 2260 1386 2327 obtinue-

174 2369 218 2438 rit
248 2370 430 2457 fragmento
466 2376 521 2445 illo
555 2377 749 2446 certioribus
784 2377 880 2444 lactis
913 2376 1131 2445 Godoiredum
1166 2378 1383 2446 Hermaauurn

174 2496 364 2581 ceterosque
387 2496 527 2563 refutare
549 2497 642 2565 nohis
664 2497 750 2577 lieet,
780 2497 833 2584 qui
864 2495 967 2563 altero
1001 2496 1051 2563 rel
1080 2497 1177 2565 tertio
1207 2494 1279 2564 loeo
1312 2516 1383 2565 earu

173 2608 292 2677 editam
317 2632 389 2682 esse
412 2613 632 2683 defenderunt.
677 2614 740 2683 Sed
763 2616 802 2684 de
826 2614 886 2681 hac
908 2635 943 2681 re
968 2613 1053 2682 infra
1075 2615 1238 2703 copiosius
1272 2615 1384 2703 dispu-

175 2728 325 2799 tabimus.
347 2738 542 2803 Antea-vero
557 2735 597 2803 de
615 2734 717 2803 tribus
737 2734 867 2812 fabulis,
885 2754 966 2822 quae
978 2733 1123 2801 Alcestin
1139 2733 1384 2816 antecedebant,

172 2866 278 2933 pauca
295 2850 650 2931 vcrhalaoieudasuut,
673 2874 807 2942 quarum
830 2854 959 2921 etiamsi
984 2851 1103 2935 singuli
1124 2858 1250 2920 tantum
1270 2872 1384 2921 versus

172 2976 228 3036 nut
249 2970 367 3055 exigua
388 2972 571 3057 fragmenta
594 2972 687 3041 nohis
711 2980 840 3040 seruata
861 2977 949 3048 sursit,
977 2976 1084 3038 tamea
1115 2991 1214 3059 opera
1240 2974 1383 3038 virorum

171 3086 434 3159 doctissimorum
459 3090 618 3162 Wcicheri
632 3093 671 3177 ἵ),
693 3090 845 3161 Schoellii
859 3091 896 3177 ³),
928 3088 1143 3175 llartuugii‘)
1165 3087 1290 3157 iactum
1321 3100 1383 3171 est,

173 3213 207 3272 ut
230 3218 422 3291 argumenta
444 3214 594 3297 cognosci
617 3212 753 3298 possint.

253 3327 323 3398 Hae
346 3330 446 3415 igitur
464 3339 541 3400 sunt
563 3330 754 3415 tetrslogiae
776 3330 862 3397 illius
884 3327 1032 3395 iuhulaer
1056 3326 1204 3405 Cressae.
1225 3327 1382 3395 Alcmaeo

168 3447 201 3512 iu
228 3445 398 3537 Psophide.
424 3451 596 3540 Telephus,
625 3450 775 3519 Alcestis.
820 3451 926 3536 Atque
949 3447 1139 3517 Crassorum
1173 3448 1300 3535 quidem
1329 3467 1383 3513 ar·

168 3574 356 3648 gementum
380 3568 440 3639 hoo
463 3571 530 3639 fere
552 3572 652 3641 luisse
676 3568 822 3638 videtur:

165 3740 368 3760 ..ιιι-ιιι·-

237 3824 261 3893 1)
277 3825 346 3879 Nnm
363 3827 490 3895 Rhesum,
509 3845 586 3898 quem
600 3828 705 3898 quidem
718 3842 766 3880 noa
783 3823 923 3891 habemur,
940 3838 1000 3877 curn
1011 3822 1056 3877 alii
1071 3822 1120 3875 riri
1132 3821 1201 3876 docti
1212 3821 1384 3875 ostenderunt

165 3930 221 3980 turn
239 3927 404 3997 Weloharrrs,
421 3947 473 3984 rrorr
492 3947 552 3983 enm
571 3946 636 3997 esse,
654 3929 699 3999 qui
717 3927 751 3981 cb
769 3924 897 3996 Euripide
915 3925 1001 3995 prima
1018 3924 1110 3978 tabule
1127 3923 1214 3977 editus
1231 3926 1287 3989 est;
1314 3940 1384 3992 quae

164 4028 361 4083 tribulantium
381 4032 443 4101 jure
467 4031 587 4102 Euripidi
611 4031 744 4085 tribuatur
769 4043 852 4082 neone
878 4041 938 4079 oum
965 4025 1070 4096 longius
1094 4026 1128 4079 sit
1155 4025 1293 4088 disserere,
1318 4025 1384 4077 satis

164 4132 249 4185 hah-se
268 4134 516 4188 oomruemoruvisso
534 4134 621 4187 adhuc
639 4131 782 4201 disceptari
800 4129 833 4184 de
851 4146 884 4183 aa
900 4128 970 4181 inter
987 4128 1056 4181 viros
1074 4126 1172 4182 doctos.

230 4234 257 4299 t)
276 4234 341 4301 „Die
366 4235 548 4305 griechischen
574 4233 725 4305 Trngddien
750 4233 798 4286 mit
822 4229 969 4285 Rhoksioht
996 4228 1045 4282 aut
1064 4227 1117 4283 den
1145 4227 1269 4297 epiaohen
1286 4225 1384 4297 (lyciam

161 4337 303 4405 geoshrsc‘
323 4353 374 4391 von
391 4338 421 4391 E.
440 4338 472 4391 G.
491 4338 623 4391 illeiolror.
642 4336 717 4390 Bonn
738 4336 810 4389 tete.

227 4441 253 4503 d)
272 4438 412 4509 „Beitrltge
428 4456 475 4493 zur
486 4439 629 4495 Kountnies
643 4438 691 4493 dar
706 4437 859 4509 tragieohen
869 4434 963 4489 Poeele
977 4430 1192 4486 derdrieolren“.
1209 4428 1300 4485 Berlin
1310 4431 1384 4483 liiii.

226 4544 253 4613 A)
271 4542 292 4597 1.
312 4546 343 4599 A.
363 4544 487 4609 liurtung
508 4543 664 4612 „Ereripidce
683 4541 847 4597 rssrtrutmc.
867 4538 1008 4605 Hamhurg
1029 4539 1168 4589 isthmia.

1560 1526 1597 1575 Μ

1532 1632 1539 1643 ¹
1594 1620 1597 1651 l
