3210 4914
656 297 950 362 ..2⁴2-

197 479 279 551 quae
312 487 384 532 eum
415 467 588 533 facientem
623 470 778 534 videmus.
822 466 1005 552 Hospitalis
1035 473 1084 533 est
1112 472 1208 552 atque
1242 464 1402 543 liberalis;

198 584 354 667 benignus
377 607 455 666 erga
475 607 568 663 suos;
592 570 702 654 uxoris
726 591 982 665 cruentissimum
1009 589 1113 654 —sed
1138 589 1278 652 omnium
1301 585 1402 650 hnmi-

198 724 273 769 num
298 712 330 771 et
351 727 457 772 rerum
482 707 622 772 maxime
645 710 871 793 semetipsum
897 707 1011 789 diligit.
1035 725 1220 791 semperque
1243 698 1313 769 sese
1335 722 1402 767 om·

200 822 293 887 nibus
324 826 506 909 anteponit.
538 824 579 890 ad
611 844 705 890 suam
740 846 883 912 quaeque
913 826 1014 891 refert
1046 824 1231 890 utilitatem.
1274 822 1333 888 His
1364 822 1403 887 da

201 941 308 1007 causis
331 951 366 1008 ut
387 949 480 1028 pater
502 952 557 1009 aut
578 954 680 1010 mater
703 956 758 1010 aut
780 945 887 1027 quiris
908 945 989 1009 alius
1012 964 1069 1030 pro
1087 965 1121 1009 se
1140 949 1273 1007 mortem
1290 940 1405 1006 subeat

201 1060 357 1145 postulat,
380 1061 421 1148 ob
444 1062 574 1127 easdem
598 1082 649 1126 res
673 1084 711 1128 ne
734 1083 865 1128 uxorem
890 1064 1016 1147 quidem
1040 1061 1079 1126 ad
1103 1069 1239 1125 mortem
1263 1056 1401 1142 compel-

203 1179 269 1244 lere
292 1191 420 1246 veretur
441 1219 482 1229 —
505 1183 605 1267 ipsius
636 1183 786 1247 nimirum
811 1183 893 1247 ritae
929 1179 1104 1266 periculum
1133 1181 1240 1249 adeste
1274 1183 1405 1263 propter

205 1297 335 1363 easdem
359 1300 494 1384 denique
517 1320 632 1365 causas
656 1303 763 1366 omnia
784 1303 878 1367 uxori
901 1297 1299 1386 polliceturselacturum.
1325 1315 1405 1381 quae

205 1416 284 1494 vult,
307 1418 571 1504 lamerrtaturque.
595 1440 628 1484 se
651 1439 810 1504 nunquam
829 1419 924 1484 aliam
941 1425 1131 1489 amaturum,
1152 1417 1250 1482 immo
1265 1420 1404 1480 statuam

206 1534 274 1617 ejus
296 1538 329 1600 in
351 1535 467 1602 lectum
491 1544 690 1623 recepturum
714 1559 837 1602 esse-
863 1558 944 1621 quae
968 1545 1083 1602 cuncta
1104 1536 1232 1600 minime
1255 1532 1407 1598 simulata

206 1674 275 1719 esse
306 1656 481 1739 putandum
513 1663 564 1721 est
584 1678 641 1731 -;
674 1674 712 1720 ac
744 1657 792 1720 rel
826 1656 859 1721 in
889 1654 1059 1720 Tartarum
1091 1655 1196 1739 ipsum
1232 1649 1405 1718 descende-

206 1785 266 1838 rct.
290 1773 385 1838 modo
411 1796 449 1840 ne
472 1775 594 1859 ipsein
617 1776 792 1859 periculum
817 1796 850 1839 se
873 1773 1088 1860 praecipitare
1111 1779 1241 1837 coactus
1263 1771 1315 1835 sit.
1344 1767 1407 1832 Bc·

208 1895 308 1958 nitate
330 1894 428 1975 igitur
450 1902 482 1959 et
503 1915 611 1959 amore
633 1895 684 1959 sui
707 1915 813 1959 mores
825 1893 956 1960 Admeti
978 1892 1054 1959 mihi
1072 1892 1219 1957 ridentur
1241 1885 1406 1955 contineri.

293 2026 361 2094 lam
381 2037 417 2095 ut
439 2029 480 2094 ad
502 2036 626 2094 ceteras
648 2050 802 2116 personas
825 2039 1033 2104 transeamus,
1056 2027 1211 2094 Hercules
1223 2025 1351 2110 quidem
1373 2027 1410 2087 ut
1441 2092 1444 2097 ,

210 2169 230 2212 a
250 2145 417 2212 Wielando
440 2154 526 2213 recte
548 2149 748 2214 describatur
770 2150 895 2214 dicente
925 2150 1001 2228 „des
1023 2147 1192 2233 Euripides
1221 2146 1327 2209 sciuer
1350 2152 1408 2217 (sc.

210 2265 378 2335 Herculesl
401 2266 446 2331 ist
468 2268 523 2331 der
545 2266 699 2331 Hercules
722 2268 778 2332 der
799 2268 937 2333 sclrdncn
959 2265 1122 2352 Omphale.
1146 2264 1205 2328 der
1227 2264 1340 2327 immer
1355 2260 1410 2326 be·

211 2384 274 2448 reit
295 2387 347 2459 ist.
370 2386 430 2450 den
453 2384 555 2451 Ruhm
578 2387 683 2451 seines
706 2385 940 2451 Heldenlebens
964 2406 1003 2449 an
1027 2384 1085 2449 das
1105 2382 1301 2464 Vergnirgen
1322 2380 1410 2446 eines

211 2504 432 2585 Augenbliclrs
464 2524 504 2568 zu
536 2511 653 2570 setzen.
685 2504 729 2569 Er
750 2506 794 2570 ist
823 2503 911 2570 nicht
938 2504 1027 2568 melrr
1057 2503 1105 2568 als
1135 2502 1187 2566 ein
1209 2497 1411 2581 alltagliclrer

212 2623 376 2704 liencou‘,
397 2634 523 2689 tantum
547 2625 647 2706 abest,
670 2635 705 2690 ut
727 2627 867 2690 nesciam
892 2645 932 2689 an
962 2628 1100 2708 excepta
1123 2618 1285 2687 Alcestidc
1307 2615 1410 2702 perie-

213 2744 359 2809 ctissima
381 2743 508 2808 fabulae
530 2762 667 2828 persona
689 2744 742 2809 sit.
766 2764 847 2828 quae
879 2763 995 2823 magna
1026 2725 1237 2806 delectaioue
1259 2755 1319 2801 nos
1342 2736 1411 2800 afli-

213 2863 278 2928 ciet
300 2883 429 2927 necesse
452 2869 509 2927 est.
555 2862 693 2927 Primum
719 2865 800 2926 eninr
830 2861 1068 2925 celeberrimum
1100 2857 1189 2923 illum
1214 2856 1340 2922 heroem
1370 2851 1413 2917 ad

214 3002 329 3046 noviom
354 2989 514 3044 certamen
537 2986 649 3045 contra
677 2980 935 3045 crudelissimum
956 2999 1060 3060 regem
1083 2976 1338 3062 proficiscentem
1355 2972 1412 3037 ad-

214 3102 367 3186 spicimus
389 3100 672 3184 fortitudinemque
697 3101 752 3164 viri
786 3099 905 3163 nullum
932 3096 1107 3183 periculum
1130 3091 1333 3159 formidantis
1356 3089 1412 3154 ad-

214 3222 378 3284 miramur.
421 3217 498 3282 Tum
523 3238 629 3283 veram
662 3218 729 3300 ejus
751 3216 947 3281 honestatem
974 3214 1204 3297 cognoscimus,
1228 3211 1281 3296 qui
1303 3209 1413 3273 funere

213 3345 385 3424 erinspecto
407 3341 517 3404 statim
539 3340 668 3403 domum
688 3336 1025 3422 hospitis-relinquere
1047 3332 1232 3409 constituat,
1255 3347 1330 3394 nam

358 3507 510 3596 αἰσχρόν,
532 3510 645 3593 inquii,
667 3503 756 3596 παρὰ
780 3503 934 3580 κλαίουσι
958 3506 1140 3570 θοινᾶσθαι
1164 3497 1285 3583 φίλας,

142 3678 144 3682 ’
212 3704 315 3768 neque
340 3687 557 3744 commovetur
579 3686 614 3744 ut
635 3684 773 3743 maneat.
805 3677 867 3742 nisi
889 3674 1094 3741 simulatione
1115 3671 1244 3737 Admeti
1272 3669 1416 3755 peregri·

213 3823 288 3868 nam
311 3798 476 3866 mulierem
494 3797 632 3882 sepeliri.
644 3832 685 3843 -
698 3796 849 3881 Sequitur
867 3794 1047 3879 objurgatio
1062 3792 1155 3859 servi,
1179 3808 1274 3874 quam
1292 3805 1418 3853 summa

213 3922 377 4006 voluptate
401 3923 601 4002 spectatores
631 3914 790 3980 adiecisse
813 3919 908 4000 puto;
942 3929 1053 3976 servus
1082 3908 1177 3989 anim,
1209 3907 1263 3992 qui
1284 3904 1417 3970 Herculi

212 4039 353 4105 ianrulus
376 4037 515 4103 tributus
539 4040 601 4104 est.
623 4035 813 4115 gravissime
836 4030 1038 4115 conqueritur
1061 4026 1146 4093 illius
1174 4024 1417 4111 impudentiam,

214 4162 266 4245 qui
289 4163 321 4224 in
344 4162 435 4225 tanto
458 4156 556 4221 luctu'
570 4155 644 4217 edat
667 4151 824 4235 bibatque*
841 4144 982 4238 ,,ἆ’μουσ’
1007 4139 1186 4209 ὑλακτῶν“
1214 4162 1318 4227 neque
1341 4160 1418 4206 con·

213 4290 320 4344 tonius
343 4277 429 4343 datis
453 4277 550 4341 etiam
580 4272 675 4356 plura
705 4269 906 4356 poposceritr
931 4264 1030 4352 paulo
1061 4270 1135 4351 post
1163 4259 1319 4327 Hercules
1349 4260 1420 4344 ipse

210 4398 321 4487 prodit
343 4406 524 4460 coronatus.
547 4411 648 4476 neque
667 4410 743 4455 vero
765 4389 873 4454 ebrios
889 4392 954 4474 est,
982 4383 1038 4449 sed
1061 4391 1097 4448 ut
1111 4381 1313 4447 Hermannus
1335 4382 1421 4442 recte
