3210 4914
649 317 947 393 ..10-

189 478 270 548 Nam
302 482 354 549 rel
386 483 458 555 deis
490 486 718 555 misericordia
750 491 919 565 commotis
954 492 1005 560 vel
1027 493 1197 575 Herculis,
1240 505 1278 566 nt
1308 499 1403 568 Euri·

189 599 281 684 pides
308 610 429 684 narrat,
463 625 562 694 opera
580 605 724 674 Alcestis
743 610 843 676 morti
866 615 978 698 erepto
1006 612 1239 703 incolumisque
1261 618 1400 687 Admeto

189 720 319 787 reddita
340 727 402 790 est.

271 857 374 945 Hujus
408 859 512 951 mythi
547 866 726 930 extremam
760 870 886 950 partem
919 864 1094 954 Euripides
1122 870 1154 938 in
1187 872 1315 975 fabula,
1348 876 1403 942 cni

186 980 342 1050 Alcestidi
373 1002 491 1050 nornen
515 981 645 1066 indidit,
667 982 833 1060 tutuderit,
857 985 950 1071 cujus
969 987 1036 1073 jam
1059 998 1284 1074 argumentum
1305 993 1400 1062 nobis

182 1104 385 1173 namandnm
407 1109 468 1170 est.

268 1240 305 1308 ln
335 1239 470 1328 prologo
502 1240 602 1324 igitur
633 1243 698 1321 (ιι.
733 1242 837 1309 1-76
871 1242 958 1328 apud
989 1243 1239 1326 Kirchirnffium)
1280 1247 1397 1335 Apollo

183 1359 328 1426 breviter
364 1362 514 1447 exponit,
549 1379 614 1447 qua
645 1360 686 1427 de
719 1380 754 1427 re
783 1369 907 1443 agatur,
935 1362 1098 1451 doletque,
1128 1367 1213 1453 quod
1236 1367 1397 1436 Alcestidi

181 1480 333 1570 opitulari
359 1500 424 1546 non
447 1480 561 1567 possit,
584 1499 654 1547 eum
672 1480 774 1548 Orcus
795 1482 906 1566 prodit
927 1488 1002 1548 atra
1023 1490 1111 1551 reste
1133 1485 1266 1554 indutus
1288 1508 1395 1555 arme-

179 1608 296 1687 tnsque
319 1594 406 1666 ense.
460 1599 628 1686 colloquio
662 1598 747 1665 inter
782 1620 837 1666 eos
858 1600 947 1667 facto
969 1602 1087 1689 Apollo
1119 1605 1311 1692 deprecatur
1333 1627 1393 1694 pro

181 1722 248 1788 vita
269 1721 461 1798 Alcestidis,
483 1720 575 1805 cnjus
596 1717 668 1786 loco
691 1724 727 1786 nt
748 1717 846 1785 aliam
871 1720 1036 1788 mulierem
1061 1723 1191 1790 auferat
1212 1724 1295 1793 Orco
1317 1746 1393 1794 sua·

178 1844 253 1918 dete
288 1842 391 1909 Orous
422 1861 498 1907 vero
529 1857 601 1907 sese
632 1858 795 1925 nunquam
828 1836 921 1905 illam
965 1839 1175 1908 dimissorum
1199 1863 1271 1910 esse
1292 1846 1390 1932 profi·

175 1967 274 2028 tetur.
333 1961 412 2028 'lum
442 1958 560 2046 Apollo
593 1959 760 2026 minitetur
798 1957 912 2026 adfore
951 1958 1111 2045 aliquem,
1155 1963 1209 2047 qui
1239 1962 1390 2033 Alcestin

175 2078 311 2149 liberet:
364 2080 537 2146 Alcmenes
575 2077 683 2145 filium.
731 2077 796 2144 lam
841 2076 958 2144 chorus
997 2078 1032 2145 in
1072 2098 1224 2147 scaenam
1265 2085 1390 2170 prodit,

175 2204 230 2288 qui
262 2201 297 2267 in
325 2200 448 2287 pererio
470 2203 537 2279 (ιι.
561 2195 721 2283 77-135)
745 2195 914 2275 deliberat,
937 2203 1046 2264 utrum
1067 2198 1209 2267 Alcestis
1233 2204 1300 2269 vita
1317 2204 1386 2288 jem

173 2322 354 2387 decesserit
392 2337 495 2386 necne
535 2319 719 2402 quantoque
762 2322 1004 2384 commoveatur
1042 2317 1155 2385 dolore
1186 2325 1385 2407 pronuntiet

171 2441 254 2508 'lum
286 2443 321 2508 in
350 2440 455 2526 primo
478 2435 656 2523 episodi01)
678 2436 743 2520 (vv.
767 2422 947 2520 1364212)
970 2434 1087 2504 chorus
1109 2457 1169 2526 per
1191 2441 1343 2509 ancillam
1366 2466 1384 2512 e

170 2560 268 2628 domo
298 2578 464 2642 egressam
496 2563 530 2622 in
563 2575 600 2620 eo
632 2575 698 2619 rem
731 2557 853 2621 versari
875 2555 993 2643 certior
1014 2557 1060 2637 fit,
1092 2565 1129 2624 ut
1149 2557 1291 2627 Alcestis
1313 2564 1383 2630 sine
1484 2616 1490 2635 .

170 2680 268 2748 dubio
299 2700 376 2745 mox
406 2678 546 2743 enimam
578 2673 727 2740 eideturn
747 2675 801 2741 sit.
832 2694 912 2761 quae
943 2675 1020 2762 quid
1052 2683 1251 2763 postremum
1273 2680 1383 2750 locuta

169 2803 217 2872 sit
228 2799 370 2887 quidque
384 2795 488 2880 egerit
503 2793 621 2861 ancilla
635 2801 757 2861 narrat.
780 2791 931 2881 Sequitur
944 2795 1093 2862 komnros
1109 2814 1174 2875 ιιι.
1186 2799 1380 2879 213-279),

167 2922 204 2988 in
233 2936 297 3008 quo
329 2918 470 3004 primurn
504 2913 620 2981 chorus
659 2933 725 2979 rem
757 2921 822 2979 tam
853 2919 994 2981 atrocem
1024 2913 1235 2995 lamentetur,
1263 2920 1381 2988 deinde

167 3040 309 3109 Alcestis
338 3038 413 3122 ipsa
441 3041 475 3103 et
495 3032 653 3100 Admetus
682 3052 700 3100 e
728 3031 825 3099 domn
854 3036 1020 3120 progressi
1042 3036 1151 3104 verbis
1170 3035 1380 3108 uehementer

166 3156 447 3228 commoventibus
476 3157 595 3220 sortem
627 3172 718 3239 suam
757 3154 974 3221 miserrimam
1006 3167 1254 3244 conqueruntur.
1276 3194 1319 3208 -
1340 3159 1379 3226 ln

165 3279 269 3346 altero
302 3249 449 3363 episodin
472 3274 540 3357 (vr.
561 3271 746 3358 tao-392)
770 3271 912 3340 Alcestis
935 3275 1099 3360 conjugem
1123 3276 1309 3362 deprecate,
1336 3298 1377 3345 ne

162 3398 275 3466 liberis
297 3412 471 3461 novercam
495 3391 645 3470 adducat,
667 3391 773 3478 ipsum
796 3390 978 3480 liberosque
1001 3396 1109 3462 velere
1128 3395 1233 3480 jubet,
1255 3396 1376 3465 Adme-

161 3523 219 3585 tus
242 3521 351 3583 eutem
374 3532 447 3579 sese
469 3530 633 3597 nunquam
656 3510 831 3577 obliturum
852 3513 996 3599 optimae
1018 3516 1130 3582 ureris
1152 3535 1256 3603 neque
1277 3515 1374 3584 aliam

159 3634 334 3704 muliere'rn
367 3633 402 3698 in
436 3631 676 3697 matrimonium
707 3631 876 3698 ducturum
899 3650 971 3702 esse
993 3632 1179 3720 pollicetur,
1213 3636 1304 3720 cujus
1326 3637 1375 3702 rei

160 3761 264 3822 testes
277 3752 399 3819 liberos
420 3750 572 3817 advocat.
595 3748 696 3817 Paulo
716 3756 792 3837 post
812 3749 955 3819 Alcestis
978 3771 997 3818 e
1019 3752 1087 3820 vita
1109 3752 1248 3822 decedit.
1271 3755 1374 3835 Quem

161 3872 317 3943 Eumelus
350 3869 470 3937 filiolus
505 3870 698 3938 suavissimo
734 3869 849 3938 threnn
890 3883 958 3953 (vv.
991 3871 1176 3958 oea-415)
1212 3873 1372 3961 deplorat.

97 3974 104 3990 ⁹
156 3993 379 4078 Posteaquam
395 3978 552 4057 Admetus
575 4007 686 4056 omnes
705 3989 792 4057 cives
813 3994 921 4057 restes
943 3988 1096 4072 lugubres
1118 4010 1246 4061 sumere
1262 3995 1370 4079 jussit,

227 4250 252 4318 1)
272 4248 375 4319 Sequor
390 4247 419 4300 in
435 4246 616 4316 significandis
633 4246 741 4301 tabulae
753 4245 1064 4314 partibusAristotelem,
1082 4249 1127 4319 qui
1143 4248 1172 4301 in
1188 4250 1308 4317 poeticae
1326 4265 1369 4302 ce·

154 4354 213 4422 pite
227 4348 384 4405 duodecimo
401 4346 533 4402 delinere
550 4349 664 4416 disserit,
681 4347 753 4420 qnod
769 4351 850 4418 eaput
867 4353 897 4402 nt
914 4349 1057 4405 concedam
1074 4365 1127 4405 non
1145 4349 1256 4420 abipso
1266 4350 1370 4404 Aristo·

154 4455 209 4506 tele
225 4467 283 4506 esse
300 4451 484 4519 compositum,
501 4456 591 4504 tamen
609 4451 644 4504 ab
660 4452 720 4521 ejus
737 4449 869 4518 discipulo
886 4452 1002 4519 quodam
1011 4451 1116 4505 ridetur
1133 4451 1282 4539 proiectum
1303 4469 1370 4504 esses.
