3210 4914
665 363 960 429 ...28-

293 535 343 601 Ae
364 556 405 603 ue
428 541 530 602 metue
553 536 680 622 quidem
704 534 788 600 unde
811 534 891 600 oriri
918 534 1026 620 possit
1054 535 1238 621 perspicere
1270 553 1412 621 possum.

210 651 262 717 Ex
282 652 353 739 ipso
375 655 458 720 enim
482 654 615 741 prologo
649 652 805 720 Alcestidi
838 654 1038 719 moriendum
1071 672 1143 718 esse
1173 652 1413 735 cognominum
1451 675 1454 682 ·

210 791 286 837 mox
309 773 473 859 proditio
496 766 645 838 scaenam
672 771 846 857 paucisque
870 772 976 837 vertis
998 770 1093 837 lactis
1127 793 1144 838 e
1172 773 1241 837 vita
1274 770 1408 837 decedit.

211 886 292 966 Quin
314 893 519 958 metuendum
543 893 661 974 igitur?
683 909 724 955 an
746 898 887 956 metuere
916 889 1045 955 omnino
1075 894 1186 974 potes,
1229 892 1310 975 quod
1341 891 1408 974 jam

209 1026 269 1092 pre
294 1015 381 1075 certo
403 1008 502 1077 habes
525 1015 712 1076 eventurum
737 1013 835 1073 esset
860 1027 965 1073 nonne
987 1010 1094 1092 potius
1118 1007 1316 1074 dubitatione
1333 1009 1407 1074 ista:

208 1127 392 1210 „quomodo
415 1131 540 1195 eveniet
560 1133 634 1194 resi
657 1135 764 1193 utrum
786 1125 914 1194 felicem
944 1146 985 1192 an
1015 1128 1138 1191 tristem
1173 1125 1305 1192 hrobebit
1339 1127 1408 1191 eri·

210 1247 322 1310 tumt·‘
353 1253 458 1312 metus
487 1247 652 1312 nascituri
694 1244 738 1311 Ut
772 1247 855 1310 enirn
892 1245 989 1310 aliam
1024 1246 1223 1325 tragoediam
1264 1243 1408 1322 afferam,

209 1363 318 1427 nescio
340 1381 381 1428 au
404 1364 491 1431 nulla
512 1363 622 1431 tabula
643 1365 746 1446 magis
768 1362 994 1429 misericordia
1015 1371 1183 1448 metusque
1207 1342 1406 1429 commovea·
1442 1418 1451 1437 ,

208 1484 272 1554 tur,
297 1501 392 1566 quam
421 1484 593 1564 Antigona.
640 1483 765 1562 Quanto
800 1481 885 1547 enirn
915 1496 1001 1546 metu
1031 1489 1231 1565 spectatores
1261 1484 1406 1548 adfectos

208 1597 311 1673 fnisse
332 1601 579 1667 existimandum
603 1607 661 1680 est,
684 1621 757 1668 cnm
766 1600 914 1668 Creontis
937 1600 1028 1671 iram,
1051 1599 1195 1683 ejusdem
1218 1605 1328 1665 tamen
1348 1602 1406 1666 du·

208 1715 399 1785 bitationem
420 1697 588 1790 viderent(
601 1741 676 1785 num
700 1723 856 1793 rtretnem
870 1717 1103 1783 nobilissimam
1127 1720 1273 1784 occidere
1284 1718 1405 1797 liceret

208 1854 279 1900 eum
303 1835 476 1903 Haemonis
506 1857 617 1924 preces
647 1841 811 1913 audirent,
846 1861 918 1907 cnm
951 1839 1088 1923 denique
1125 1837 1265 1904 Tiresias
1297 1856 1407 1920 regem

207 1951 451 2035 dehortaretur,
483 1962 635 2024 uetante
669 1960 809 2023 irrctnore
839 1962 919 2025 iram
950 1958 1083 2024 deorum
1115 1958 1282 2022 excitaret.
1325 1956 1404 2022 Tum

206 2073 337 2139 nuntius
358 2075 392 2141 in
420 2095 567 2142 scaenam
599 2079 709 2161 prodit
735 2082 830 2162 atque
858 2079 1071 2163 spectantium
1102 2075 1218 2140 animis
1247 2075 1288 2140 ad
1317 2094 1405 2140 sum-

207 2208 292 2256 mam
332 2199 604 2280 exspectationem
636 2196 787 2263 excitatis
823 2201 966 2262 atrocem
992 2195 1126 2277 virginis
1161 2201 1194 2260 et
1227 2192 1405 2259 Haemonis

206 2307 370 2377 interitum
393 2322 510 2383 narrat.
555 2316 606 2382 En
626 2316 795 2397 tragoedia
815 2336 891 2381 vera
913 2323 1031 2381 metum
1055 2332 1187 2379 merens
1201 2348 1235 2361 —
1267 2333 1340 2378 nam
1365 2315 1405 2378 de

206 2427 427 2499 misericordia
448 2435 572 2520 aliquid
594 2435 714 2501 addere
737 2452 1011 2520 supervacaneum
1034 2431 1211 2497 videtur-
1244 2432 1334 2516 cujus
1358 2435 1403 2497 rei

206 2544 239 2609 in
260 2547 425 2620 Alcestide
447 2554 526 2619 nihil
546 2553 721 2621 invenitur.
765 2552 846 2619 Nam
870 2556 966 2618 etiarn
990 2553 1022 2616 in
1045 2552 1156 2615 funere
1180 2549 1349 2630 efferendo,
1370 2550 1405 2615 in

206 2664 296 2741 rixa,
327 2669 361 2733 in
381 2671 529 2739 Herculis
562 2675 702 2739 adventu
733 2672 876 2758 epullsve
899 2668 977 2755 quid
999 2674 1202 2736 metuendum
1226 2676 1298 2735 estr
1341 2669 1404 2733 nisi

204 2783 288 2850 forte
313 2788 472 2876 quispiam
497 2799 659 2877 postrema
682 2791 811 2857 fabulae
831 2797 925 2875 parte
947 2795 1151 2875 spectatores
1181 2796 1270 2854 metu
1295 2787 1403 2852 adlec-

204 2909 256 2971 tos
279 2926 349 2973 esse
372 2909 462 2982 dicit,
486 2930 580 2996 quarn
603 2910 697 2992 longe
726 2908 789 2975 alio
822 2907 957 2974 consilio
988 2907 1028 2973 ab
1058 2906 1214 2993 Euripide
1247 2908 1403 2992 scriptam

204 3040 274 3089 esse
296 3027 484 3095 videbimus.

288 3141 350 3210 Sed
374 3145 413 3211 de
435 3154 521 3213 metu
545 3167 669 3232 quodue
692 3128 900 3213 Aristotelem
933 3145 1030 3212 liceat
1057 3143 1194 3222 afferre,
1223 3143 1279 3228 qui
1309 3164 1402 3230 prae-

204 3259 327 3340 scribit,
351 3269 388 3329 nt
409 3267 452 3331 sit
474 3252 583 3347 φόβος
604 3261 676 3353 περὶ
699 3263 759 3331 rev
782 3259 907 3354 ὅμοιον,
929 3265 949 3329 i.
964 3285 990 3330 e.
1014 3283 1095 3341 eum,
1120 3265 1172 3348 qui
1192 3262 1295 3328 nostri
1312 3263 1402 3328 simi-

202 3377 243 3444 lis
265 3381 316 3447 sit.
361 3383 493 3451 Admeti
515 3406 602 3462 vero,
623 3400 659 3451 ut
680 3384 866 3451 Buchholzii
889 3385 994 3451 verbis
1016 3391 1099 3452 utar,
1121 3381 1269 3469 proiecto
1299 3381 1401 3447 senti-

202 3517 273 3563 mus
295 3520 354 3566 nos
376 3522 443 3569 non
465 3523 537 3570 esse
568 3506 709 3582 farinae;
742 3506 897 3570 sentimus
930 3524 988 3570 nos
1023 3503 1118 3585 longe
1146 3520 1238 3568 secus
1270 3508 1401 3567 acturos

201 3616 301 3683 luisse
323 3626 420 3707 atque
441 3623 551 3698 illum;
573 3625 730 3689 sentimus
753 3643 812 3689 nos
835 3623 964 3689 minime
985 3641 1040 3687 eos
1062 3640 1153 3693 esse,
1191 3621 1245 3706 qui
1268 3618 1399 3686 carissi·

201 3755 287 3800 mum
307 3745 406 3825 caput
427 3749 492 3807 tam
515 3741 689 3808 inhumane
710 3744 848 3828 prodere
868 3743 1042 3827 possimus.

284 3855 428 3924 Tertium
458 3861 518 3927 leon
550 3860 728 3943 Alcestidi,
763 3860 791 3926 si
820 3863 950 3947 quidem
979 3858 1146 3940 tragoedia
1175 3863 1241 3933 est,
1273 3856 1401 3923 crimini

200 3973 339 4041 dandum
363 3980 527 4064 estquod
551 3980 677 4046 ineam
701 3982 820 4046 cadunt
844 3977 1030 4046 Aristotelis
1053 3977 1170 4044 verba:
1215 3968 1292 4040 οὔτε
1325 3969 1404 4053 τοὺς

201 4089 350 4173 ἐπιεικεῖς
373 4091 491 4187 ἄνδρας
512 4097 560 4163 δεῖ
579 4093 865 4186 μεταβάλλοντας
894 4101 1075 4180 φαίνεσθαι
1107 4093 1143 4176 ἐξ
1177 4097 1339 4181 εὐτυχίας
1359 4095 1400 4172 εἰς

199 4209 403 4301 δυστυχίαν,
445 4213 524 4293 οὕτε
560 4213 636 4297 τοὺς
663 4213 861 4310 μοχθηροὺς
898 4214 935 4300 ἐξ
975 4215 1123 4304 άτυχίας
1153 4216 1194 4293 εἰς
1225 4213 1399 4301 εὐτυχίαν.

198 4323 659 4428 ἆτραγῳδότατονγὰρ
682 4338 796 4403 τοῦτ’
833 4334 921 4402 ἐστι
954 4333 1129 4402 πάντων.
1172 4333 1292 4399 Nonne
1315 4334 1399 4399 enim

197 4450 354 4535 rideretur
372 4454 446 4540 jure
460 4455 644 4547 ,μοχθηρός
663 4456 875 4544 appellandus
898 4455 990 4522 nobis
1012 4457 1102 4522 risus
1125 4458 1203 4520 cett
1224 4456 1334 4517 tamen
1356 4449 1399 4514 ad
