3210 4914
23 3642 30 3673 t

230 1745 342 1857 Nemo
364 1782 431 1851 iere
454 1786 504 1847 est
526 1784 670 1848 veterum
691 1786 872 1867 poetarum,
894 1775 934 1844 de
964 1796 1026 1866 quo
1049 1777 1205 1864 aprinis
1237 1778 1437 1864 temporibus

227 1901 309 1975 adeo
327 1902 417 1967 inter
438 1921 472 1969 se
504 1898 719 1967 dissenserint
750 1898 811 1964 viri
842 1898 1025 1971 doctissimi
1058 1903 1155 1985 atque
1185 1897 1440 1980 ingeniosissimi

228 2020 379 2097 indolem,
401 2021 575 2103 ingenium,
601 2020 749 2098 virtutes,
772 2018 852 2084 vitia
870 2019 1086 2103 dijudicantes
1109 2024 1205 2105 atque
1220 2015 1438 2102 deEnripide.

228 2138 337 2226 Ipsius
356 2140 440 2206 enim
460 2139 531 2224 jam
554 2145 661 2204 aetate
684 2135 899 2204 Athenienses
924 2138 956 2202 io
979 2138 1059 2203 duas
1085 2137 1178 2221 quasi
1200 2142 1308 2222 partes
1342 2136 1440 2202 divisi

227 2265 333 2338 crant,
357 2277 491 2346 quarum
515 2259 618 2324 altera
641 2256 775 2322 summis
797 2255 948 2321 laudibus
965 2275 1037 2321 eum
1054 2252 1217 2331 efferebat,
1239 2253 1344 2320 altera
1359 2256 1440 2322 duce
1483 2328 1485 2331 ,

226 2376 447 2464 Aristophane
470 2378 661 2460 gravissime
683 2374 872 2456 exagitabat
886 2383 982 2460 atque
1002 2374 1177 2452 inridebat,
1200 2392 1296 2459 quam
1314 2382 1439 2459 partem

226 2517 264 2564 eo
286 2498 392 2580 magis
415 2493 590 2561 dolendum
609 2501 659 2561 est
674 2493 843 2560 victoriam
866 2494 1095 2579 reportavissa
1118 2492 1205 2579 quod
1227 2492 1439 2575 injustissime

224 2635 325 2701 saepe
346 2615 386 2681 ab
409 2613 609 2680 adversariis
641 2613 781 2679 ludibrio
805 2632 875 2679 eum
899 2612 1046 2679 habitum
1071 2631 1141 2677 esse
1173 2629 1267 2675 nemo
1300 2615 1352 2677 est
1385 2613 1439 2698 qui

226 2738 330 2817 neget.
374 2733 495 2799 Tamen
518 2744 635 2820 poetae
656 2731 744 2797 illius
768 2751 868 2817 opera
884 2732 1011 2797 dantum
1034 2737 1094 2802 est,
1115 2738 1151 2796 ut
1172 2749 1229 2816 per
1249 2713 1353 2796 multa
1366 2750 1439 2797 sae·

227 2851 312 2925 cula,
335 2872 407 2918 cum
430 2853 531 2918 ceteri
553 2835 667 2937 poetah
691 2851 809 2934 tragici
831 2851 947 2916 iterum
980 2860 1079 2936 atque
1110 2850 1225 2914 iterum
1257 2846 1440 2931 legarentur
1531 2890 1539 2895 -

218 2976 259 3043 ‚er
281 2969 449 3053 magnifice
477 2968 701 3050 laudarentur,
724 2972 806 3036 satis
834 2969 925 3056 parri
954 2971 1144 3035 aestimatus
1177 2967 1222 3033 sit
1253 2965 1440 3055 Euripides,

178 3156 180 3161 .
224 3092 275 3180 cui
298 3088 533 3167 recentissimis
553 3090 681 3166 demum
708 3088 908 3176 temporibus
923 3089 1048 3172 justum
1072 3086 1172 3152 tribui
1200 3093 1349 3172 coeptum
1380 3096 1439 3155 est.

222 3209 323 3295 'Cujus
346 3207 396 3273 rei
418 3208 446 3272 si
469 3225 600 3273 causam
617 3209 812 3297 quaerimus,
834 3207 997 3293 imprimis
1016 3208 1089 3274 ideo
1102 3212 1239 3292 apparet
1250 3205 1439 3293 Euripidem

223 3336 349 3394 tantam
374 3323 586 3392 offensionem
609 3345 727 3408 magno
753 3327 871 3393 civium
901 3344 1035 3392 numero
1067 3324 1266 3412 praebuisse,
1300 3325 1386 3411 quod
1407 3327 1440 3391 in

223 3444 345 3511 fabulis
368 3444 504 3511 edendis
527 3452 638 3510 vetera
659 3444 853 3535 relinquere,
874 3444 968 3511 novis
990 3444 1088 3511 rebus
1111 3445 1240 3511 studere
1260 3443 1440 3510 videbatur.

220 3565 337 3650 ltaque
360 3573 393 3630 et
415 3581 490 3629 cum
513 3563 584 3649 ipse
607 3563 740 3630 floreret
760 3570 796 3630 ut
818 3564 962 3633 omnium
985 3561 1101 3649 plausu
1123 3563 1286 3627 irrueretur
1314 3570 1440 3629 tantum

223 3682 337 3760 abfuit,
360 3683 602 3769 etquicunque
624 3680 783 3749 institutis
805 3702 825 3749 a
847 3681 996 3770 patribus
1019 3682 1146 3748 traditis
1171 3682 1342 3748 servandis
1365 3701 1442 3768 ope·

215 3819 291 3868 ram
315 3800 425 3881 dabat,
457 3800 737 3867 vehementissime
771 3803 898 3868 ineam
931 3794 1150 3882 inveberetur,
1184 3819 1288 3887 neque
1320 3801 1442 3867 nostris

222 3919 424 4004 temporibus
447 3921 591 3987 omnium
621 3918 746 4004 judicio
778 3920 946 4006 probatur.
989 3917 1142 4006 Quisquis
1174 3920 1257 3985 enim
1289 3912 1469 4007 Aeschyli

222 4055 355 4120 gravem
377 4037 465 4104 illam
489 4057 528 4104 ac
551 4037 603 4104 vel
633 4037 867 4105 subobscuram
898 4039 1080 4103 orationem
1109 4037 1301 4121 tragoediae
1332 4048 1442 4126 aptam

218 4176 293 4224 csse
315 4157 495 4238 existimat,
527 4156 717 4244 Euripidem
750 4156 849 4244 paulo
883 4155 1038 4222 leviorem
1070 4157 1190 4223 babeat
1221 4176 1352 4223 necesse
1375 4164 1442 4237 est;

216 4295 322 4363 neque
343 4276 371 4342 si
393 4274 587 4362 Sophoclem
619 4274 766 4362 perfecta
790 4276 980 4361 tragoediae
1009 4274 1214 4362 exemplaria
1244 4275 1338 4341 nobis
1367 4297 1443 4363 prc-

220 4396 370 4483 posuisse
410 4395 604 4473 credimus,
638 4384 775 4481 prorsus
818 4395 1007 4482 probandus
1046 4394 1140 4472 nobis
1173 4400 1229 4461 est
1255 4394 1442 4480 Euripides.

933 4574 940 4604 t
1249 4563 1281 4627 1·
