3224 4914
646 340 814 462 ..¹37
899 433 939 445 ..

191 571 252 639 aul
278 573 351 638 dem
387 572 500 639 Grund
521 539 727 659 praktiseber
750 566 919 634 Walrrheit
940 538 1231 632 beraurszuhbren.“
1272 563 1393 629 Tamen

190 710 263 757 eum
286 660 355 777 ipse
375 692 425 756 vir
445 688 652 767 clarissimus,
681 707 720 752 ne
745 686 840 752 nimis
861 688 895 752 in
917 687 988 751 istis
1005 686 1102 751 rebus
1125 685 1261 751 arbitrio
1282 688 1392 747 nostro

188 809 374 874 tribuamus
400 810 543 881 moneat,
573 805 768 892 persuadue
798 802 875 869 milri
906 824 1038 889 nequeo,
1069 803 1158 870 illam
1188 802 1391 890 potissimum

190 927 348 993 rationem
370 932 483 1015 poetas
505 926 537 992 in
558 923 677 991 fabulis
699 924 930 1008 componendis
952 928 1080 989 secutos
1102 942 1184 990 esse.
1207 931 1264 971 -l

274 1044 339 1110 lam
364 1045 464 1126 igitur
485 1051 629 1110 revertor
649 1043 691 1109 ad
715 1041 902 1108 Bncllrolzii
932 1043 1137 1109 sententiam.
1161 1043 1212 1108 oui
1244 1040 1390 1105 omuibus

189 1163 260 1230 fere
282 1161 361 1230 loeis
394 1163 572 1233 sulucribo.
601 1164 634 1226 iu
663 1160 723 1227 boc
753 1181 818 1226 non
848 1161 1041 1244 adstipu'or,
1083 1162 1166 1246 quod
1202 1156 1389 1244 Euripidem

193 1282 397 1347 considerate
432 1298 492 1344 nec
521 1281 589 1346 sine
608 1290 729 1362 magna
750 1279 887 1381 quadam
911 1282 981 1367 arte
1002 1298 1087 1345 nova
1112 1279 1244 1377 nardum
1268 1279 1390 1369 usitata

189 1399 327 1465 artificia
338 1396 522 1463 adhibuisse
543 1395 766 1463 censet-Ut
790 1398 873 1462 enim
899 1398 967 1461 viro
990 1398 1179 1463 doctissimo
1203 1397 1388 1473 concedam,

189 1523 317 1604 poetam
339 1515 398 1582 hoc
420 1512 574 1587 effecisse,
597 1520 634 1581 ut
655 1516 834 1581 auditorum
854 1516 979 1580 animos
1002 1535 1022 1581 a
1043 1514 1195 1581 cothurni
1215 1517 1389 1583 severitate

186 1637 230 1703 ad
253 1638 339 1703 socci
360 1633 524 1700 levitatem
539 1634 659 1701 sensim
682 1654 720 1700 ac
742 1634 939 1719 pedetentim
963 1634 1158 1716 deflecteret,
1180 1641 1289 1701 tamen
1312 1633 1389 1700 milri

187 1756 318 1840 quidem
341 1758 633 1839 spectatores
658 1754 737 1819 satis
771 1753 949 1818 delectasse
972 1753 1064 1818 uobis
1086 1752 1227 1819 tabulam
1250 1753 1389 1836 legen-

184 1873 312 1939 tibus
334 1892 397 1938 non
419 1873 607 1937 satisfacere
627 1870 800 1958 Euripides
824 1870 957 1936 videtur,
998 1871 1079 1936 Nam
1102 1890 1167 1936 non
1190 1874 1284 1937 modo
1308 1875 1388 1941 banc

187 1990 330 2056 fabulam
352 2009 453 2076 neque
472 1991 657 2073 tragoediae
679 2010 738 2057 uec
762 1989 901 2055 dramati
923 1990 1064 2074 satyrico
1088 1990 1257 2056 convenire
1278 1997 1387 2059 osten-

184 2107 305 2177 dimus,
327 2110 384 2175 sed
406 2129 444 2173 ne
465 2110 514 2174 ita
537 2109 673 2194 quidem,
696 2109 726 2174 si
747 2108 916 2194 Euripides
933 2108 1071 2175 scrihere
1089 2108 1199 2180 voluit,
1224 2114 1308 2197 quod
1327 2132 1386 2180 nos

161 2247 258 2299 ,eum
282 2228 420 2293 voluisse
442 2234 603 2313 putamus,
623 2228 762 2293 Alcestis
792 2227 938 2292 omnibus
968 2229 1109 2293 numeris
1140 2227 1307 2314 probanda
1327 2236 1385 2298 est.

270 2345 487 2431 Quodcunque
508 2346 594 2410 enim
622 2345 749 2412 fabulae
771 2343 860 2412 illius
891 2345 1059 2412 consilium
1088 2351 1147 2420 est,
1176 2344 1255 2414 haec
1289 2354 1387 2428 certe,

182 2482 267 2548 quae
290 2483 388 2551 supra
409 2464 440 2530 ei
463 2464 589 2530 crimini
612 2464 769 2547 dedimus,
791 2464 825 2529 in
850 2483 919 2529 eam
942 2464 1081 2530 cadunt:
1114 2484 1177 2530 non
1199 2485 1306 2534 unam.
1327 2470 1385 2534 aad

183 2583 265 2647 duas
287 2585 431 2649 actiones
453 2585 568 2665 inesse,
590 2603 653 2648 nun
676 2582 740 2648 sibi
762 2588 909 2649 constare
931 2602 1096 2668 personas,
1119 2583 1192 2660 alia,
1223 2603 1304 2669 quae
1333 2585 1385 2653 vel

181 2699 298 2781 augeri
318 2707 466 2786 possunt.
509 2699 595 2779 Quae
617 2701 715 2781 enim,
737 2704 773 2765 ut
794 2721 891 2765 unum
915 2699 1057 2774 afferam,
1085 2697 1196 2787 oleari
1219 2710 1279 2781 est,
1302 2722 1384 2790 qnae

186 2812 298 2896 Aaou?
322 2839 459 2905 quarum
479 2839 587 2884 rerum
609 2827 679 2884 tota
700 2818 811 2885 fabula
835 2839 875 2885 ne
898 2821 1067 2902 vestigium
1091 2820 1216 2906 quidem
1246 2821 1382 2888 inveniri

182 2938 256 3024 quis
278 2939 404 3023 estqui
435 2943 553 3018 neget?
574 2973 616 2984 -
645 2936 732 3015 Quae
759 2957 830 3004 eum
852 2939 900 3004 ita
921 2939 996 3018 siut,
1025 2938 1084 3003 hoc
1107 2946 1208 3016 teneo,
1238 2938 1383 3007 Alcestin

183 3054 276 3122 nobis
298 3076 363 3122 non
385 3075 478 3141 posse
501 3057 699 3122 satisfacere.
723 3054 822 3140 Cujus
844 3058 889 3122 rei
913 3076 1040 3123 eausam
1063 3057 1097 3121 in
1119 3077 1156 3122 eo
1175 3057 1383 3142 potissimum

179 3157 323 3241 arbitror
350 3175 492 3262 positam
523 3194 603 3255 esse,
634 3175 721 3260 quod
754 3174 893 3261 mythus,
927 3195 989 3261 quo
1011 3174 1195 3260 Euripides·
1212 3195 1289 3242 usus
1320 3182 1380 3260 est,

180 3294 310 3358 omuino
333 3313 396 3360 non
418 3302 512 3381 aptus
534 3299 584 3360 eat
606 3294 649 3361 ad
670 3295 704 3359 id
725 3293 907 3360 fabularum
930 3313 1039 3376 genus,
1061 3294 1144 3378 quod
1168 3295 1309 3362 scribere
1324 3317 1379 3362 vo-

178 3408 250 3477 luit.
294 3411 375 3479 Nam
398 3416 526 3479 devotio
545 3413 673 3499 quidem
695 3418 792 3498 atque
815 3413 921 3479 exitus
943 3412 1118 3478 Alcestidis
1134 3413 1289 3499 optimam
1311 3421 1379 3482 tra·

177 3532 311 3612 goediae
332 3535 498 3598 materiem
520 3532 686 3618 praebent.
730 3531 828 3614 „Quis
850 3532 943 3607 enim,
963 3529 1291 3615 inquitHermanuus,
1313 3555 1377 3601 non

178 3650 277 3726 videt,
305 3652 353 3716 ita
383 3672 451 3718 rem
481 3654 626 3738 putuisse
656 3651 791 3728 institui,
825 3657 862 3715 nt
893 3649 994 3715 inscio
1028 3652 1144 3715 marito
1175 3652 1319 3718 Alcestin
1342 3673 1377 3719 se

179 3767 277 3833 morti
310 3769 478 3835 devovisse
506 3776 689 3856 appareret,
720 3769 774 3834 ille
797 3788 872 3833 vero
903 3788 997 3847 nunc,
1029 3768 1178 3854 quoniam
1202 3770 1236 3835 id
1264 3778 1376 3837 uotum

177 3886 303 3951 irritum
338 3889 429 3954 reddi
457 3911 518 3954 nou
548 3893 671 3974 posset,
705 3890 753 3953 ita
773 3887 971 3968 significaret
992 3886 1132 3952 dolorem
1156 3907 1260 3968 suurn,
1282 3893 1320 3954 ut
1341 3910 1376 3956 se

177 4006 287 4089 potius
309 4025 369 4091 prs
391 4006 449 4073 illa
469 4008 553 4072 mori
574 4016 719 4094 paratum
743 4005 939 4076 ostenderet.
962 4007 989 4070 si
1010 4025 1139 4072 servare
1162 4026 1230 4072 eam
1254 4013 1375 4092 posset,

176 4143 234 4188 nec
245 4126 312 4190 nita
325 4127 483 4192 excedens
495 4125 611 4192 liberos
622 4132 756 4212 utroque
769 4132 900 4211 parente
913 4124 1007 4189 orbos
1019 4123 1212 4191 desereret.“
1228 4163 1257 4173 -
1272 4125 1374 4193 Immo

175 4241 376 4327 praeclaram
403 4246 587 4327 tragoediae
618 4247 786 4311 materiam
818 4243 958 4310 habebat
986 4251 1094 4329 poeta,
1116 4244 1144 4309 si
1173 4242 1376 4313 describebat

174 4362 338 4428 decretum
359 4363 490 4430 deorum
513 4365 553 4430 de
576 4368 678 4430 morte
699 4362 842 4442 Admeti,
883 4361 1044 4449 Apollinis
1067 4362 1214 4428 fraudem
1237 4363 1271 4429 in
1292 4361 1373 4430 Par·

173 4499 228 4545 cas
251 4481 466 4564 commissam,
497 4484 601 4549 inscie
624 4482 753 4569 quidam
774 4483 924 4562 Admeto,
955 4479 1131 4547 Alcestidis
1160 4479 1375 4564 devotionem,
