3210 4914
688 320 857 384 ...16
943 359 982 370 ...

232 509 259 553 e.
284 490 371 555 cives
394 490 496 571 urbis,
520 497 619 576 atque
649 513 761 559 servos
790 512 857 557 rem
888 493 1052 576 cognitam
1080 489 1241 571 habuisse,
1274 494 1454 560 Admetum
1483 555 1494 563 „

229 608 420 687 ignorasse?
443 608 532 696 quud
554 630 629 676 curn
649 631 710 696 per
731 632 766 676 sc
786 632 852 676 non
873 613 920 678 ita
949 609 1126 678 verisimile
1148 611 1285 691 videtur,
1317 620 1385 678 tum
1409 633 1455 679 ex

230 726 334 812 ipsius
356 727 487 794 Admeti
522 729 632 795 verbis
660 737 800 816 apparat
829 738 964 797 mortem
997 731 1109 795 uxoris
1132 731 1187 796 diu
1210 729 1250 797 ab
1272 751 1310 797 ee
1333 751 1455 817 exspe-

233 851 354 911 ctatam
375 846 488 914 fuisse.
533 847 669 914 Herculi
695 854 780 915 enirn
810 850 989 936 quaerenti.
1014 869 1071 915 cur
1099 849 1247 916 Alcestin
1271 857 1304 917 et
1325 870 1395 917 esse
1418 856 1455 916 et

233 984 298 1029 non
323 984 396 1030 esse
419 969 519 1045 dicat,
542 970 729 1054 respondet:

410 1128 489 1200 edu
514 1129 628 1210 οἶσθα,
650 1141 769 1226 μοίρας
791 1125 826 1226 ἧς
846 1140 968 1226 τυχεῖν
991 1129 1097 1227 αὐτὴν
1119 1136 1246 1227 χρεὼν;

232 1305 285 1371 cui
305 1306 461 1373 Hercules

361 1470 431 1557 οἶδ’,
454 1474 528 1544 ἀντὶ
552 1479 612 1544 σοῦ
634 1505 684 1566 γε,
718 1484 901 1569 respondet,
924 1484 1106 1548 κατθανεῖν
1130 1473 1319 1571 ὑφειμένον.

317 1647 418 1714 Immo
442 1669 530 1722 vero,
555 1652 661 1736 inquit
681 1672 743 1719 rex
752 1676 760 1729 3
789 1654 948 1738 quomedo
970 1655 1069 1737 igitur
1091 1653 1196 1720 adbuc
1223 1661 1283 1732 est,
1318 1653 1346 1718 si
1368 1652 1449 1719 baec

232 1766 430 1853 spopondit?
452 1805 494 1818 —
538 1769 603 1836 Sed
632 1769 762 1853 longius
793 1773 890 1837 etiam
922 1773 1074 1859 progredi
1106 1773 1197 1859 lieet.v
1235 1772 1308 1839 Non
1340 1770 1446 1837 solnm

232 1888 329 1952 seivit
349 1885 485 1952 'uxorem
509 1893 647 1954 mortem
670 1890 849 1956 subituram
873 1910 954 1974 esse,
976 1890 1035 1957 sed
1057 1891 1107 1958 vel
1128 1891 1200 1978 ipse
1222 1891 1255 1957 ei
1275 1896 1311 1957 ut
1331 1910 1391 1977 prn
1411 1910 1447 1957 se

231 2007 300 2071 uita
322 2008 493 2074 decederet
516 2008 644 2074 videtur
671 2010 885 2094 persuasisse.
930 2010 1012 2088 Quid
1034 2010 1141 2076 enirn?
1164 2009 1264 2077 verba
1284 2008 1447 2102 Apollinis

437 2180 564 2258 πάντας
585 2177 611 2242 δ’
635 2176 776 2265 ἐλέγξας
798 2176 854 2244 καὶ
878 2177 1061 2262 διεξελθὼν
1085 2177 1206 2264 φίλους

437 2298 573 2391 uacc'pc
590 2323 628 2363 τε
650 2298 771 2385 γραῖάν
793 2297 828 2367 θ’
842 2301 881 2383 ¹),
905 2294 925 2387 ἥ
948 2300 1008 2383 σφ’
1033 2295 1144 2366 ἔτικτε
1166 2298 1294 2390 μητέρα

380 2483 383 2488 .
438 2409 507 2504 οὐχ
531 2405 603 2508 εὗρε
627 2415 716 2507 πλὴν
739 2417 904 2505 γυναικός,
927 2414 1018 2497 ὅστις
1028 2418 1055 2504 ²)
1078 2412 1182 2507 ἤθελε

437 2538 552 2602 θανεῖν
573 2536 639 2628 προ
662 2536 773 2603 κείνου
794 2537 868 2626 μηδ’
892 2534 939 2603 ἔτ’
961 2539 1080 2627 εἰςορᾶν
1104 2535 1198 2619 φάος.

233 2727 341 2774 nunna
363 2706 458 2775 aliter
479 2712 560 2776 verti
582 2717 747 2796 nequeunt
768 2711 829 2774 nisi
852 2709 914 2774 ita:
939 2728 1033 2789 „cum
1056 2728 1132 2773 vero
1155 2726 1266 2774 omnes
1293 2712 1445 2793 expertus

235 2831 322 2893 esset
343 2833 377 2894 st
397 2828 631 2912 perlustrasset
653 2831 776 2894 amicus
799 2835 832 2894 et
853 2833 979 2915 patrem
1002 2834 1202 2913 matremque
1218 2844 1339 2904 senem,
1361 2844 1445 2913 quae

235 2967 307 3012 eum
339 2949 436 3013 enixa
465 2955 525 3029 est,
554 2967 619 3013 non
648 2948 782 3026 inuenit,
813 2953 945 3032 praeter
974 2966 1120 3028 uxerem,
1142 2947 1197 3031 qui
1217 2964 1278 3032 pro
1301 2963 1340 3009 en
1363 2945 1444 3009 mori

235 3067 333 3132 uellet
361 3073 465 3133 eet.“?
483 3104 521 3116 -
544 3067 720 3132 Admetum
743 3065 844 3148 igitur
866 3086 938 3131 curn
961 3086 981 3130 a
1002 3067 1118 3131 ceteris
1140 3069 1206 3130 turn
1227 3064 1268 3130 ab
1293 3082 1395 3129 uxore
1410 3068 1446 3127 ut
1494 3062 1496 3065 ’

237 3205 295 3271 pro
318 3206 354 3251 se
378 3187 462 3252 diem
494 3205 680 3273 supremum
711 3184 819 3251 abiret
845 3186 966 3271 petisse
994 3183 1135 3250 dilucide
1157 3183 1270 3250 erbis
1299 3178 1444 3250 uersibus

236 3305 453 3387 cognoscitur.
1020 3390 1023 3396 1

318 3425 389 3491 Ηοο
410 3427 508 3508 igitur
530 3425 622 3491 nobis
645 3428 787 3501 constat,
829 3422 1003 3489 Admetum
1027 3424 1159 3488 minime
1181 3423 1319 3488 inscium
1343 3419 1441 3485 fuisse

235 3544 365 3610 consilii
394 3545 524 3627 uxoris,
562 3544 621 3611 sed
653 3542 710 3608 diu
745 3543 911 3626 cognitum
943 3540 1113 3612 habuisse,
1146 3538 1297 3633 Alcestin
1329 3556 1393 3624 pre
1409 3554 1443 3600 se

303 3818 328 3886 1)
345 3817 377 3870 In
393 3816 526 3871 codicibus
543 3817 667 3869 hocloco
683 3817 796 3885 legitur:
814 3814 919 3889 πατέρα
938 3813 1050 3890 ascesis
1062 3811 1091 3869 θ’
1109 3810 1123 3881 ἦ
1143 3853 1150 3866 .
1168 3852 1175 3865 .
1193 3850 1214 3878 .,
1232 3827 1302 3883 qnae
1319 3808 1402 3864 verbe
1414 3807 1446 3861 L

231 3920 370 3973 Naunkius
386 3921 414 3972 in
429 3918 506 3983 libro,
523 3918 569 3986 qui
585 3916 737 3970 inscribitur
761 3916 978 3986 „Euripideisehe
995 3916 1121 3969 Studien*
1140 3916 1179 3967 its
1201 3912 1323 3977 mutavit,
1340 3915 1370 3963 ut
1387 3910 1446 3962 scri-

233 4023 282 4089 psi.
308 4020 430 4087 „Petrcm
448 4024 474 4072 et
490 4022 618 4072 marrow
637 4020 708 4072 enim
725 4017 813 4071 uerba
826 4018 957 4072 nonlicet
974 4017 1147 4086 appositionis
1164 4017 1222 4068 lnce
1238 4029 1299 4068 eum
1318 4012 1444 4079 „emicos“

233 4123 367 4192 conjungi.

302 4226 328 4292 2)
341 4224 393 4277 Pro
411 4218 478 4292 ἥτις,
496 4223 566 4292 quod
584 4222 687 4279 codices
704 4221 842 4289 praebent,
859 4221 999 4273 Reiskium
1016 4236 1063 4273 suc
1077 4221 1140 4289 jure
1164 4210 1278 4272 arbitror'
1297 4210 1369 4282 lesu
1388 4230 1446 4269 eon·

230 4328 335 4397 jecisse,
360 4326 486 4394 quoniam
502 4326 553 4381 hoc
580 4323 739 4378 vocabulum
754 4339 809 4375 non
834 4322 869 4374 ed
896 4322 1025 4396 γυναικός
1042 4323 1166 4390 pertinet,
1183 4320 1230 4373 sed
1257 4319 1292 4372 sd
1312 4316 1369 4390 οὐχ
1390 4309 1445 4390 siqu

233 4426 486 4499 seilsou'bisuzgucn
503 4427 604 4479 invenit
622 4441 790 4495 quemquam,
809 4424 854 4492 qui
872 4423 952 4476 uellet
967 4422 1045 4485 mori.
1064 4483 1068 4491 ν
