3210 4914
693 359 984 427 ..uo-

458 565 557 607 ··.··
582 567 622 579 -
646 527 778 597 δουλιόυ
802 533 864 615 ἀφ’
887 531 1027 621 αἵματος

236 648 339 738 iuquit
442 652 565 740 μαστῷ
585 649 740 735 γυναικός
761 653 816 736 σῆς
838 642 1038 737 ὑπεβλήθην
1061 647 1185 741 λάθρα.

319 819 420 887 Recte
446 821 572 905 quidem
597 820 699 886 istud!
743 821 829 886 Bene
852 823 1010 889 Admetus
1034 822 1195 907 Apollinis
1229 824 1325 889 amici
1357 823 1436 889 illud

236 941 361 1026 ,,γνῶ9ι
385 936 547 1004 σεαυτόυ“
569 940 675 1004 animo
698 939 826 1005 videtur
848 939 1008 1006 infixisse!
1032 959 1104 1006 nam
1118 941 1317 1023 servimagis
1339 961 1434 1028 quam

234 1059 364 1142 ingenui
386 1055 525 1123 hominis
547 1077 653 1124 meres
675 1061 709 1122 et
736 1056 898 1138 ingenium
923 1058 952 1124 ei
981 1063 1065 1124 sunt.
1095 1095 1136 1107 -
1178 1057 1320 1144 Cumque
1348 1058 1434 1126 idem

234 1175 330 1245 homo
349 1175 547 1241 miserrimus
569 1175 656 1260 patri
680 1175 767 1240 diras
790 1175 1004 1260 imprecatur:
1039 1177 1135 1256 „love
1159 1177 1279 1243 diutins
1302 1179 1434 1252 viveret,

234 1294 385 1382 quoniam
402 1291 499 1374 longe
521 1293 607 1359 ritae
628 1295 707 1361 adeo
737 1294 872 1380 cupidus
901 1297 1008 1361 eeset“
1030 1300 1079 1375 (at
1107 1296 1177 1381 ipse
1208 1297 1304 1363 crede
1334 1296 1433 1361 vitam

233 1413 327 1501 parvi
348 1411 543 1494 aestimem,
565 1432 636 1480 cum
659 1411 795 1498 denique
816 1413 943 1497 parenti
964 1414 1149 1502 respondet,
1170 1424 1307 1483 mortem
1321 1418 1431 1483 uxoris

233 1552 304 1602 esse
682 1552 684 1556 ’

486 1700 604 1789 σημεῖα
626 1701 685 1784 τῆς
706 1701 770 1786 σῆς,
793 1685 818 1763 ὦ
842 1695 983 1785 κάκιστ’,
1004 1700 1162 1791 ἂψυχιάς

233 1880 289 1940 aut
310 1873 350 1941 de
373 1873 485 1941 eodem

432 2029 450 2128 ἧ
475 2035 574 2131 τᾶρα,
596 2042 710 2128 inquit,
732 2036 864 2107 πάντων
886 2038 1068 2132 διαπρέπεις
1089 2041 1240 2132 ἀψυχίᾳ,

231 2223 297 2285 tam
319 2212 480 2299 abjectum
501 2210 663 2280 hominem
686 2231 720 2278 ee
742 2211 885 2298 praebet,
906 2216 941 2277 ut
963 2217 1051 2279 totus
1073 2212 1167 2281 nobis
1188 2215 1232 2282 eit
1250 2213 1430 2302 despicatui

230 2353 362 2402 neeesse
383 2332 436 2398 eit.
496 2418 498 2421 Ι

313 2467 449 2535 Prorsus
484 2485 561 2532 vero
594 2466 673 2552 quid
699 2466 843 2552 judicem
874 2468 984 2535 neecin
1015 2467 1055 2534 de
1088 2467 1136 2534 bis
1163 2469 1281 2553 verbis,
1314 2470 1429 2557 quibua

228 2591 387 2659 Admetus
407 2586 494 2673 patri
527 2586 721 2672 pravitatem
754 2587 979 2672 ingratumque
1013 2585 1155 2653 animum
1191 2587 1320 2654 crimini
1356 2588 1432 2656 dat:¹

230 2697 268 2774 uir
290 2701 357 2798 μὴν
386 2703 463 2794 ἐρεῖς
486 2702 528 2790 γε’
545 2703 579 2793 μ’
610 2697 650 2781 ὡς
677 2698 885 2793 ἀτιμάζοντα
917 2702 974 2770 cdv
1005 2707 1109 2792 γῆρας
1136 2707 1253 2772 θανεῖν
1283 2702 1430 2798 προῦδω-

230 2826 328 2908 negt),
344 2818 440 2912 ὅστις
462 2821 629 2912 αἰδόφρων
652 2820 731 2910 unde
743 2824 772 2885 c’
785 2810 823 2910 ἦν
845 2819 1007 2910 μάλιστα,
1028 2821 1125 2889 κάντὶ
1142 2823 1244 2889 τῶνδέ
1256 2849 1313 2915 μοι
1328 2823 1430 2916 χάριν

229 2939 359 3012 τοιάνδε
381 2937 436 3006 καὶ
459 2937 499 3006 σὺ
521 2938 572 3029 χή
595 2940 728 3007 τεκοῦσ’
748 2936 958 3030 ἠλλαξάτην.

313 3079 435 3146 Suntne
458 3076 536 3145 haec
563 3077 700 3143 ridicula
722 3080 825 3159 magis
847 3096 889 3144 en
918 3077 1034 3145 foedat
1064 3078 1299 3166 impudentiam
1328 3083 1430 3165 magle

228 3220 271 3267 an
293 3197 519 3264 delirationem
541 3194 738 3263 ostendunt?
782 3195 956 3262 Videamus
978 3198 1072 3277 enim,
1105 3179 1183 3284 quid
1210 3197 1429 3286 praeclarissi·
1534 3263 1539 3271 .

297 3471 321 3539 1)
354 3468 387 3522 In
403 3469 536 3538 plerisque
552 3467 686 3521 mdicibun
703 3468 793 3537 eieqne
809 3467 916 3536 optimis
933 3468 962 3522 hi
977 3483 1072 3523 verene
1087 3468 1127 3522 ite
1143 3469 1281 3539 leguntur:

524 3600 555 3660 ου’
573 3602 626 3674 μὴν
645 3602 711 3677 ἐρεῖς
730 3600 764 3675 γὶ
782 3601 812 3674 μ’
830 3604 864 3668 ὡς
882 3601 1020 3675 &raucidum
1037 3604 1069 3659 ri
1088 3603 1135 3659 σὸν

523 3710 609 3780 γῆρας
626 3696 718 3760 Saleia
736 3703 881 3779 προῦὃωκᾶ
900 3704 926 3759 α’
943 3729 968 3760 κ.
977 3728 1002 3760 τ.
1011 3710 1037 3759 λ.

294 3845 370 3900 Heee
385 3858 447 3897 reno
463 3841 583 3910 intellegi
600 3841 706 3894 omnino
722 3844 864 3909 nequeunt.
892 3840 929 3893 Ut
946 3841 1016 3894 enim
1033 3840 1100 3894 nihil
1110 3806 1202 3894 ¹dicam
1213 3841 1247 3895 de
1257 3838 1432 3912 u'vocebulo.

227 3948 297 4018 quod
315 3949 419 4000 etiamsi
435 3946 535 3999 eimilee
552 3943 671 3996 nonnulli
687 3942 739 3995 loci
756 3959 772 3994 a
789 3943 853 3995 viria
870 3943 953 3996 doctis
971 3944 1046 3996 allati
1063 3949 1131 4010 eunt,
1148 3945 1332 3999 difficultatem
1349 3961 1432 4014 quun·

226 4050 288 4102 dum
305 4048 463 4116 praebet-
481 4047 589 4116 quinam
606 4059 697 4097 senene
714 4045 782 4095 inest
798 4043 826 4095 in
843 4045 945 4097 verbis:
972 4060 1039 4111 „non
1065 4061 1108 4097 me
1132 4046 1203 4099 dices
1226 4049 1361 4099 senectute
1384 4049 1432 4098 tue

226 4150 350 4219 despecta
367 4148 445 4201 morti
458 4153 485 4200 te
502 4145 672 4199 tradidieeel“
691 4142 762 4195 Num
778 4143 908 4199 Admetus
925 4150 1027 4213 patrem
1045 4145 1079 4199 ed
1094 4156 1205 4200 mortem
1222 4146 1366 4214 compulit?
1384 4146 1433 4198 mi·

224 4252 310 4305 nimai
329 4249 376 4304 eed
393 4264 422 4302 ee
438 4251 525 4318 ipenm
543 4265 560 4300 n
576 4252 653 4316 patre
669 4245 704 4297 ud
721 4247 864 4315 perniciem
882 4246 977 4299 adduci
995 4248 1120 4316 queritur.
1155 4245 1230 4307 Quae
1246 4263 1304 4300 cnm
1323 4247 1362 4299 ita
1378 4247 1438 4299 eint'

196 4350 201 4361 '
224 4367 279 4404 nen
296 4351 387 4404 dubita
412 4365 473 4403 cnm
489 4348 639 4416 Heniungin
663 4346 746 4399 verbe
761 4346 800 4400 ite
815 4347 912 4418 legere,
937 4350 1012 4403 utin
1036 4347 1170 4403 codicibus
1191 4347 1329 4402 deterioria
1352 4351 1442 4405 nutu.

226 4449 268 4519 (B,
279 4454 309 4521 G)
325 4456 424 4507 extant.
