<?xml version="1.0" encoding="UTF-8"?>
<!DOCTYPE html PUBLIC "-//W3C//DTD XHTML 1.0 Transitional//EN"
    "http://www.w3.org/TR/xhtml1/DTD/xhtml1-transitional.dtd">
<html xmlns="http://www.w3.org/1999/xhtml" xml:lang="en" lang="en">
 <head>
  <title>
</title>
<meta http-equiv="Content-Type" content="text/html;charset=utf-8" />
  <meta name='ocr-system' content='tesseract 3.04.00' />
  <meta name='ocr-capabilities' content='ocr_page ocr_carea ocr_par ocr_line ocrx_word'/>
</head>
<body>
  <div class='ocr_page' id='page_1' title='image "./deeuripidisalce01rittgoog_0037.png"; bbox 0 0 3210 4914; ppageno 0'>
   <div class='ocr_carea' id='block_1_1' title="bbox 177 4482 198 4533">
    <p class='ocr_par' dir='ltr' id='par_1_1' title="bbox 177 4482 198 4533">
     <span class='ocr_line' id='line_1_1' title="bbox 177 4482 198 4533; baseline 0 0"><span class='ocrx_word' id='word_1_1' title='bbox 177 4482 198 4533; x_wconf 65' lang='lat' dir='ltr'><strong>*i</strong></span> 
     </span>
    </p>
   </div>
   <div class='ocr_carea' id='block_1_2' title="bbox 695 339 989 404">
    <p class='ocr_par' dir='ltr' id='par_1_2' title="bbox 695 339 989 404">
     <span class='ocr_line' id='line_1_2' title="bbox 695 339 989 404; baseline 0.007 -15"><span class='ocrx_word' id='word_1_2' title='bbox 695 339 989 404; x_wconf 56' lang='lat'>..32-</span> 
     </span>
    </p>
   </div>
   <div class='ocr_carea' id='block_1_3' title="bbox 238 509 1443 1192">
    <p class='ocr_par' dir='ltr' id='par_1_3' title="bbox 238 509 1443 1192">
     <span class='ocr_line' id='line_1_3' title="bbox 238 509 1443 596; baseline 0.007 -22"><span class='ocrx_word' id='word_1_3' title='bbox 238 510 270 574; x_wconf 90' lang='lat' dir='ltr'><strong>in</strong></span> <span class='ocrx_word' id='word_1_4' title='bbox 293 509 393 574; x_wconf 89' lang='lat' dir='ltr'><strong>risum</strong></span> <span class='ocrx_word' id='word_1_5' title='bbox 428 516 576 576; x_wconf 87' lang='lat' dir='ltr'><strong>verteret.</strong></span> <span class='ocrx_word' id='word_1_6' title='bbox 621 509 721 588; x_wconf 85' lang='lat' dir='ltr'><strong>Quem</strong></span> <span class='ocrx_word' id='word_1_7' title='bbox 755 531 826 576; x_wconf 91' lang='lat' dir='ltr'><strong>cum</strong></span> <span class='ocrx_word' id='word_1_8' title='bbox 855 511 921 595; x_wconf 90' lang='lat' dir='ltr'><strong>jam</strong></span> <span class='ocrx_word' id='word_1_9' title='bbox 951 510 1253 596; x_wconf 82' lang='lat' dir='ltr'><strong>Rauclrensteinics,</strong></span> <span class='ocrx_word' id='word_1_10' title='bbox 1284 515 1443 584; x_wconf 89' lang='lat' dir='ltr'><strong>Bendixe·</strong></span> 
     </span>
     <span class='ocr_line' id='line_1_4' title="bbox 238 625 1438 721; baseline 0.008 -30"><span class='ocrx_word' id='word_1_11' title='bbox 238 628 322 707; x_wconf 89' lang='lat' dir='ltr'><strong>nius,</strong></span> <span class='ocrx_word' id='word_1_12' title='bbox 354 625 568 694; x_wconf 86' lang='lat' dir='ltr'><strong>Buchholzius</strong></span> <span class='ocrx_word' id='word_1_13' title='bbox 591 648 720 693; x_wconf 89' lang='lat' dir='ltr'><strong>summa</strong></span> <span class='ocrx_word' id='word_1_14' title='bbox 741 628 919 696; x_wconf 76' lang='lat' dir='ltr'><strong>subtilitate</strong></span> <span class='ocrx_word' id='word_1_15' title='bbox 947 630 1168 709; x_wconf 81' lang='lat' dir='ltr'><strong>refutaverint,</strong></span> <span class='ocrx_word' id='word_1_16' title='bbox 1198 653 1297 719; x_wconf 88' lang='lat' dir='ltr'><strong>opera</strong></span> <span class='ocrx_word' id='word_1_17' title='bbox 1327 655 1438 721; x_wconf 82' lang='lat' dir='ltr'><strong>snper·</strong></span> 
     </span>
     <span class='ocr_line' id='line_1_5' title="bbox 239 745 1442 840; baseline 0.007 -30"><span class='ocrx_word' id='word_1_18' title='bbox 239 745 353 813; x_wconf 89' lang='lat' dir='ltr'><strong>sedere</strong></span> <span class='ocrx_word' id='word_1_19' title='bbox 374 765 470 831; x_wconf 91' lang='lat' dir='ltr'><strong>posse</strong></span> <span class='ocrx_word' id='word_1_20' title='bbox 491 745 604 812; x_wconf 80' lang='lat' dir='ltr'><strong>videor</strong></span> <span class='ocrx_word' id='word_1_21' title='bbox 625 766 742 814; x_wconf 87' lang='lat' dir='ltr'><strong>causas</strong></span> <span class='ocrx_word' id='word_1_22' title='bbox 765 766 872 814; x_wconf 89' lang='lat' dir='ltr'><strong>eorum</strong></span> <span class='ocrx_word' id='word_1_23' title='bbox 895 759 1052 834; x_wconf 86' lang='lat' dir='ltr'><strong>repetere.</strong></span> <span class='ocrx_word' id='word_1_24' title='bbox 1083 749 1133 814; x_wconf 81' lang='lat' dir='ltr'><strong>Ex</strong></span> <span class='ocrx_word' id='word_1_25' title='bbox 1155 752 1195 816; x_wconf 89' lang='lat' dir='ltr'><strong>iis</strong></span> <span class='ocrx_word' id='word_1_26' title='bbox 1218 762 1336 819; x_wconf 85' lang='lat' dir='ltr'><strong>tamen.</strong></span> <span class='ocrx_word' id='word_1_27' title='bbox 1358 774 1442 840; x_wconf 86' lang='lat' dir='ltr'><strong>quae</strong></span> 
     </span>
     <span class='ocr_line' id='line_1_6' title="bbox 239 862 1441 953; baseline 0.007 -24"><span class='ocrx_word' id='word_1_28' title='bbox 239 862 421 950; x_wconf 84' lang='lat' dir='ltr'><strong>Koechlyus</strong></span> <span class='ocrx_word' id='word_1_29' title='bbox 444 866 483 931; x_wconf 87' lang='lat' dir='ltr'><strong>ad</strong></span> <span class='ocrx_word' id='word_1_30' title='bbox 515 866 707 932; x_wconf 87' lang='lat' dir='ltr'><strong>sententiam</strong></span> <span class='ocrx_word' id='word_1_31' title='bbox 737 885 828 931; x_wconf 88' lang='lat' dir='ltr'><strong>suam</strong></span> <span class='ocrx_word' id='word_1_32' title='bbox 863 865 1087 940; x_wconf 83' lang='lat' dir='ltr'><strong>affirmandam</strong></span> <span class='ocrx_word' id='word_1_33' title='bbox 1110 869 1255 953; x_wconf 85' lang='lat' dir='ltr'><strong>protulit.</strong></span> <span class='ocrx_word' id='word_1_34' title='bbox 1290 870 1385 937; x_wconf 83' lang='lat' dir='ltr'><strong>liceat</strong></span> <span class='ocrx_word' id='word_1_35' title='bbox 1406 873 1441 937; x_wconf 92' lang='lat' dir='ltr'><strong>id</strong></span> 
     </span>
     <span class='ocr_line' id='line_1_7' title="bbox 241 985 1442 1072; baseline 0.004 -23"><span class='ocrx_word' id='word_1_36' title='bbox 241 1004 337 1049; x_wconf 92' lang='lat' dir='ltr'><strong>unum</strong></span> <span class='ocrx_word' id='word_1_37' title='bbox 361 1002 623 1063; x_wconf 85' lang='lat' dir='ltr'><strong>commemorare,</strong></span> <span class='ocrx_word' id='word_1_38' title='bbox 653 987 693 1050; x_wconf 88' lang='lat' dir='ltr'><strong>de</strong></span> <span class='ocrx_word' id='word_1_39' title='bbox 721 1005 783 1072; x_wconf 91' lang='lat' dir='ltr'><strong>quo</strong></span> <span class='ocrx_word' id='word_1_40' title='bbox 812 985 879 1068; x_wconf 88' lang='lat' dir='ltr'><strong>jam</strong></span> <span class='ocrx_word' id='word_1_41' title='bbox 908 1004 1007 1069; x_wconf 87' lang='lat' dir='ltr'><strong>supra</strong></span> <span class='ocrx_word' id='word_1_42' title='bbox 1028 986 1128 1052; x_wconf 86' lang='lat' dir='ltr'><strong>verba</strong></span> <span class='ocrx_word' id='word_1_43' title='bbox 1160 988 1308 1071; x_wconf 76' lang='lat' dir='ltr'><strong>fecimus,</strong></span> <span class='ocrx_word' id='word_1_44' title='bbox 1337 992 1442 1054; x_wconf 88' lang='lat' dir='ltr'><strong>virum</strong></span> 
     </span>
     <span class='ocr_line' id='line_1_8' title="bbox 241 1101 1387 1192; baseline 0.001 -25"><span class='ocrx_word' id='word_1_45' title='bbox 241 1101 462 1169; x_wconf 90' lang='lat' dir='ltr'><strong>doctissimum</strong></span> <span class='ocrx_word' id='word_1_46' title='bbox 485 1103 656 1185; x_wconf 85' lang='lat' dir='ltr'><strong>fragmenti</strong></span> <span class='ocrx_word' id='word_1_47' title='bbox 677 1102 765 1168; x_wconf 93' lang='lat' dir='ltr'><strong>illius</strong></span> <span class='ocrx_word' id='word_1_48' title='bbox 788 1106 1000 1189; x_wconf 77' lang='grc' dir='ltr'>κατασκευήν</span> <span class='ocrx_word' id='word_1_49' title='bbox 1023 1105 1214 1171; x_wconf 81' lang='lat' dir='ltr'><strong>vocabulum</strong></span> <span class='ocrx_word' id='word_1_50' title='bbox 1235 1127 1387 1192; x_wconf 79' lang='lat' dir='ltr'><strong>premere.</strong></span> 
     </span>
    </p>
   </div>
   <div class='ocr_carea' id='block_1_4' title="bbox 241 1253 1445 1816">
    <p class='ocr_par' dir='ltr' id='par_1_4' title="bbox 241 1253 1445 1816">
     <span class='ocr_line' id='line_1_9' title="bbox 324 1253 1445 1337; baseline 0.007 -18"><span class='ocrx_word' id='word_1_51' title='bbox 324 1253 510 1337; x_wconf 83' lang='lat' dir='ltr'><strong>Fragmenti</strong></span> <span class='ocrx_word' id='word_1_52' title='bbox 540 1256 624 1320; x_wconf 90' lang='lat' dir='ltr'><strong>enim</strong></span> <span class='ocrx_word' id='word_1_53' title='bbox 661 1263 825 1320; x_wconf 81' lang='lat' dir='ltr'><strong>auctorem</strong></span> <span class='ocrx_word' id='word_1_54' title='bbox 860 1254 1008 1322; x_wconf 78' lang='lat' dir='ltr'><strong>Alcestin</strong></span> <span class='ocrx_word' id='word_1_55' title='bbox 1043 1277 1114 1322; x_wconf 89' lang='lat' dir='ltr'><strong>cum</strong></span> <span class='ocrx_word' id='word_1_56' title='bbox 1151 1257 1267 1324; x_wconf 87' lang='lat' dir='ltr'><strong>Oreste</strong></span> <span class='ocrx_word' id='word_1_57' title='bbox 1292 1261 1445 1327; x_wconf 51' lang='lat' dir='ltr'><strong>co‘nferre</strong></span> 
     </span>
     <span class='ocr_line' id='line_1_10' title="bbox 241 1373 1439 1460; baseline 0.005 -22"><span class='ocrx_word' id='word_1_58' title='bbox 241 1379 388 1458; x_wconf 89' lang='lat' dir='ltr'><strong>apparet,</strong></span> <span class='ocrx_word' id='word_1_59' title='bbox 409 1380 562 1460; x_wconf 85' lang='lat' dir='ltr'><strong>tanquam</strong></span> <span class='ocrx_word' id='word_1_60' title='bbox 586 1373 699 1437; x_wconf 89' lang='lat' dir='ltr'><strong>eadem</strong></span> <span class='ocrx_word' id='word_1_61' title='bbox 720 1373 788 1439; x_wconf 85' lang='lat' dir='ltr'><strong>fere</strong></span> <span class='ocrx_word' id='word_1_62' title='bbox 810 1376 938 1460; x_wconf 89' lang='lat' dir='ltr'><strong>utrique</strong></span> <span class='ocrx_word' id='word_1_63' title='bbox 960 1375 1089 1442; x_wconf 88' lang='lat' dir='ltr'><strong>fabulae</strong></span> <span class='ocrx_word' id='word_1_64' title='bbox 1111 1376 1236 1442; x_wconf 85' lang='lat' dir='ltr'><strong>indoles</strong></span> <span class='ocrx_word' id='word_1_65' title='bbox 1265 1379 1320 1443; x_wconf 92' lang='lat' dir='ltr'><strong>sit.</strong></span> <span class='ocrx_word' id='word_1_66' title='bbox 1361 1378 1439 1444; x_wconf 83' lang='lat' dir='ltr'><strong>Cum</strong></span> 
     </span>
     <span class='ocr_line' id='line_1_11' title="bbox 242 1490 1443 1582; baseline 0.004 -26"><span class='ocrx_word' id='word_1_67' title='bbox 242 1492 341 1575; x_wconf 84' lang='lat' dir='ltr'><strong>igitur</strong></span> <span class='ocrx_word' id='word_1_68' title='bbox 350 1490 534 1578; x_wconf 87' lang='lat' dir='ltr'><strong>Koechlyus</strong></span> <span class='ocrx_word' id='word_1_69' title='bbox 545 1492 691 1559; x_wconf 87' lang='lat' dir='ltr'><strong>Orestem</strong></span> <span class='ocrx_word' id='word_1_70' title='bbox 715 1490 922 1558; x_wconf 91' lang='lat' dir='ltr'><strong>nullomodo</strong></span> <span class='ocrx_word' id='word_1_71' title='bbox 945 1494 1144 1560; x_wconf 88' lang='lat' dir='ltr'><strong>comoediam</strong></span> <span class='ocrx_word' id='word_1_72' title='bbox 1157 1497 1314 1581; x_wconf 87' lang='lat' dir='ltr'><strong>appellari</strong></span> <span class='ocrx_word' id='word_1_73' title='bbox 1336 1515 1443 1582; x_wconf 83' lang='lat' dir='ltr'><strong>posse,</strong></span> 
     </span>
     <span class='ocr_line' id='line_1_12' title="bbox 242 1610 1444 1696; baseline 0.004 -21"><span class='ocrx_word' id='word_1_74' title='bbox 242 1612 312 1696; x_wconf 88' lang='lat' dir='ltr'><strong>ipse</strong></span> <span class='ocrx_word' id='word_1_75' title='bbox 334 1612 508 1687; x_wconf 87' lang='lat' dir='ltr'><strong>concedat,</strong></span> <span class='ocrx_word' id='word_1_76' title='bbox 528 1610 589 1676; x_wconf 93' lang='lat' dir='ltr'><strong>hoc</strong></span> <span class='ocrx_word' id='word_1_77' title='bbox 618 1610 716 1677; x_wconf 81' lang='lat' dir='ltr'><strong>verbo</strong></span> <span class='ocrx_word' id='word_1_78' title='bbox 751 1614 963 1693; x_wconf 75' lang='grc' dir='ltr'>κατασκευήν</span> <span class='ocrx_word' id='word_1_79' title='bbox 992 1612 1109 1691; x_wconf 89' lang='lat' dir='ltr'><strong>utitur,</strong></span> <span class='ocrx_word' id='word_1_80' title='bbox 1151 1620 1187 1679; x_wconf 91' lang='lat' dir='ltr'><strong>nt</strong></span> <span class='ocrx_word' id='word_1_81' title='bbox 1217 1614 1364 1680; x_wconf 80' lang='lat' dir='ltr'><strong>Alcestin</strong></span> <span class='ocrx_word' id='word_1_82' title='bbox 1391 1615 1444 1680; x_wconf 78' lang='lat' dir='ltr'><strong>vel</strong></span> 
     </span>
     <span class='ocr_line' id='line_1_13' title="bbox 244 1727 1443 1816; baseline 0.005 -23"><span class='ocrx_word' id='word_1_83' title='bbox 244 1730 446 1811; x_wconf 80' lang='lat' dir='ltr'><strong>grammatici</strong></span> <span class='ocrx_word' id='word_1_84' title='bbox 467 1728 555 1794; x_wconf 91' lang='lat' dir='ltr'><strong>illius</strong></span> <span class='ocrx_word' id='word_1_85' title='bbox 577 1731 739 1795; x_wconf 87' lang='lat' dir='ltr'><strong>sententia</strong></span> <span class='ocrx_word' id='word_1_86' title='bbox 759 1727 799 1794; x_wconf 89' lang='lat' dir='ltr'><strong>ab</strong></span> <span class='ocrx_word' id='word_1_87' title='bbox 821 1729 935 1796; x_wconf 81' lang='lat' dir='ltr'><strong>Oreste</strong></span> <span class='ocrx_word' id='word_1_88' title='bbox 956 1731 1063 1796; x_wconf 90' lang='lat' dir='ltr'><strong>nescio</strong></span> <span class='ocrx_word' id='word_1_89' title='bbox 1086 1752 1179 1816; x_wconf 84' lang='lat' dir='ltr'><strong>qnam</strong></span> <span class='ocrx_word' id='word_1_90' title='bbox 1203 1732 1297 1814; x_wconf 83' lang='lat' dir='ltr'><strong>longe</strong></span> <span class='ocrx_word' id='word_1_91' title='bbox 1331 1734 1443 1800; x_wconf 87' lang='lat' dir='ltr'><strong>abesse</strong></span> 
     </span>
    </p>
   </div>
   <div class='ocr_carea' id='block_1_5' title="bbox 170 1846 1443 1937">
    <p class='ocr_par' dir='ltr' id='par_1_5' title="bbox 170 1846 1443 1937">
     <span class='ocr_line' id='line_1_14' title="bbox 170 1846 1443 1937; baseline 0.003 -25"><span class='ocrx_word' id='word_1_92' title='bbox 170 1870 172 1875; x_wconf 54' lang='lat'><strong>⁴</strong></span> <span class='ocrx_word' id='word_1_93' title='bbox 246 1848 453 1914; x_wconf 86' lang='lat' dir='ltr'><strong>demonstret.</strong></span> <span class='ocrx_word' id='word_1_94' title='bbox 476 1846 600 1914; x_wconf 90' lang='lat' dir='ltr'><strong>Orestis</strong></span> <span class='ocrx_word' id='word_1_95' title='bbox 623 1849 706 1913; x_wconf 86' lang='lat' dir='ltr'><strong>enirn</strong></span> <span class='ocrx_word' id='word_1_96' title='bbox 727 1848 830 1913; x_wconf 89' lang='lat' dir='ltr'><strong>solam</strong></span> <span class='ocrx_word' id='word_1_97' title='bbox 854 1851 1097 1937; x_wconf 73' lang='grc' dir='ltr'>καταστροφήν</span> <span class='ocrx_word' id='word_1_98' title='bbox 1115 1849 1137 1915; x_wconf 89' lang='lat' dir='ltr'><strong>i.</strong></span> <span class='ocrx_word' id='word_1_99' title='bbox 1151 1870 1178 1916; x_wconf 89' lang='lat' dir='ltr'><strong>e.</strong></span> <span class='ocrx_word' id='word_1_100' title='bbox 1201 1852 1443 1918; x_wconf 84' lang='lat' dir='ltr'><strong>conversionem</strong></span> 
     </span>
    </p>
   </div>
   <div class='ocr_carea' id='block_1_6' title="bbox 247 1965 1446 2172">
    <p class='ocr_par' dir='ltr' id='par_1_6' title="bbox 247 1965 1446 2172">
     <span class='ocr_line' id='line_1_15' title="bbox 247 1965 1446 2050; baseline 0.003 -19"><span class='ocrx_word' id='word_1_101' title='bbox 247 1968 396 2047; x_wconf 89' lang='lat' dir='ltr'><strong>actionis,</strong></span> <span class='ocrx_word' id='word_1_102' title='bbox 417 1965 594 2033; x_wconf 89' lang='lat' dir='ltr'><strong>Alcestidis</strong></span> <span class='ocrx_word' id='word_1_103' title='bbox 619 1971 809 2046; x_wconf 86' lang='lat' dir='ltr'><strong>verototam</strong></span> <span class='ocrx_word' id='word_1_104' title='bbox 832 1969 1045 2050; x_wconf 78' lang='grc' dir='ltr'>κατασκευήν</span> <span class='ocrx_word' id='word_1_105' title='bbox 1067 1969 1135 2035; x_wconf 90' lang='lat' dir='ltr'><strong>sive</strong></span> <span class='ocrx_word' id='word_1_106' title='bbox 1159 1968 1446 2036; x_wconf 86' lang='lat' dir='ltr'><strong>conformationem</strong></span> 
     </span>
     <span class='ocr_line' id='line_1_16' title="bbox 247 2084 994 2172; baseline 0.003 -22"><span class='ocrx_word' id='word_1_107' title='bbox 247 2087 402 2151; x_wconf 88' lang='lat' dir='ltr'><strong>comicam</strong></span> <span class='ocrx_word' id='word_1_108' title='bbox 425 2105 496 2153; x_wconf 86' lang='lat' dir='ltr'><strong>csse</strong></span> <span class='ocrx_word' id='word_1_109' title='bbox 519 2106 537 2151; x_wconf 88' lang='lat' dir='ltr'><strong>c</strong></span> <span class='ocrx_word' id='word_1_110' title='bbox 560 2084 749 2151; x_wconf 88' lang='lat' dir='ltr'><strong>didascaliis</strong></span> <span class='ocrx_word' id='word_1_111' title='bbox 770 2091 883 2172; x_wconf 87' lang='lat' dir='ltr'><strong>patere</strong></span> <span class='ocrx_word' id='word_1_112' title='bbox 906 2086 994 2152; x_wconf 88' lang='lat' dir='ltr'><strong>dicit.</strong></span> 
     </span>
    </p>
   </div>
   <div class='ocr_carea' id='block_1_7' title="bbox 248 2237 1451 3035">
    <p class='ocr_par' dir='ltr' id='par_1_7' title="bbox 248 2237 1451 3035">
     <span class='ocr_line' id='line_1_17' title="bbox 330 2237 1450 2325; baseline 0.002 -21"><span class='ocrx_word' id='word_1_113' title='bbox 330 2239 374 2305; x_wconf 90' lang='lat' dir='ltr'><strong>Ut</strong></span> <span class='ocrx_word' id='word_1_114' title='bbox 397 2258 471 2305; x_wconf 83' lang='lat' dir='ltr'><strong>vero</strong></span> <span class='ocrx_word' id='word_1_115' title='bbox 495 2238 682 2314; x_wconf 82' lang='lat' dir='ltr'><strong>concedam,</strong></span> <span class='ocrx_word' id='word_1_116' title='bbox 713 2241 797 2325; x_wconf 91' lang='lat' dir='ltr'><strong>quod</strong></span> <span class='ocrx_word' id='word_1_117' title='bbox 829 2237 957 2325; x_wconf 89' lang='lat' dir='ltr'><strong>quidem</strong></span> <span class='ocrx_word' id='word_1_118' title='bbox 990 2237 1077 2303; x_wconf 92' lang='lat' dir='ltr'><strong>nullo</strong></span> <span class='ocrx_word' id='word_1_119' title='bbox 1107 2240 1204 2309; x_wconf 87' lang='lat' dir='ltr'><strong>modo</strong></span> <span class='ocrx_word' id='word_1_120' title='bbox 1232 2245 1356 2306; x_wconf 84' lang='lat' dir='ltr'><strong>certum</strong></span> <span class='ocrx_word' id='word_1_121' title='bbox 1388 2247 1450 2321; x_wconf 77' lang='lat' dir='ltr'><strong>est,</strong></span> 
     </span>
     <span class='ocr_line' id='line_1_18' title="bbox 249 2355 1447 2441; baseline 0 -17"><span class='ocrx_word' id='word_1_122' title='bbox 249 2359 288 2424; x_wconf 91' lang='lat' dir='ltr'><strong>de</strong></span> <span class='ocrx_word' id='word_1_123' title='bbox 310 2357 496 2441; x_wconf 80' lang='lat' dir='ltr'><strong>integritate</strong></span> <span class='ocrx_word' id='word_1_124' title='bbox 518 2355 606 2423; x_wconf 93' lang='lat' dir='ltr'><strong>illius</strong></span> <span class='ocrx_word' id='word_1_125' title='bbox 629 2355 745 2423; x_wconf 85' lang='lat' dir='ltr'><strong>scholii</strong></span> <span class='ocrx_word' id='word_1_126' title='bbox 767 2378 831 2422; x_wconf 91' lang='lat' dir='ltr'><strong>non</strong></span> <span class='ocrx_word' id='word_1_127' title='bbox 853 2356 1066 2423; x_wconf 88' lang='lat' dir='ltr'><strong>dubitandum</strong></span> <span class='ocrx_word' id='word_1_128' title='bbox 1084 2377 1166 2436; x_wconf 88' lang='lat' dir='ltr'><strong>esso,</strong></span> <span class='ocrx_word' id='word_1_129' title='bbox 1189 2359 1283 2425; x_wconf 90' lang='lat' dir='ltr'><strong>nimis</strong></span> <span class='ocrx_word' id='word_1_130' title='bbox 1305 2359 1447 2424; x_wconf 83' lang='lat' dir='ltr'><strong>tribuere</strong></span> 
     </span>
     <span class='ocr_line' id='line_1_19' title="bbox 249 2474 1449 2563; baseline -0.003 -19"><span class='ocrx_word' id='word_1_131' title='bbox 249 2477 289 2543; x_wconf 83' lang='lat' dir='ltr'><strong>V.</strong></span> <span class='ocrx_word' id='word_1_132' title='bbox 311 2477 357 2544; x_wconf 84' lang='lat' dir='ltr'><strong>cl.</strong></span> <span class='ocrx_word' id='word_1_133' title='bbox 379 2476 506 2543; x_wconf 86' lang='lat' dir='ltr'><strong>videtur</strong></span> <span class='ocrx_word' id='word_1_134' title='bbox 527 2477 714 2541; x_wconf 83' lang='lat' dir='ltr'><strong>auctoritati</strong></span> <span class='ocrx_word' id='word_1_135' title='bbox 737 2474 1004 2553; x_wconf 86' lang='lat' dir='ltr'><strong>didascaliarum,</strong></span> <span class='ocrx_word' id='word_1_136' title='bbox 1027 2496 1109 2562; x_wconf 87' lang='lat' dir='ltr'><strong>quae</strong></span> <span class='ocrx_word' id='word_1_137' title='bbox 1138 2477 1287 2563; x_wconf 86' lang='lat' dir='ltr'><strong>quotiens</strong></span> <span class='ocrx_word' id='word_1_138' title='bbox 1319 2497 1449 2541; x_wconf 86' lang='lat' dir='ltr'><strong>errave·</strong></span> 
     </span>
     <span class='ocr_line' id='line_1_20' title="bbox 248 2595 1448 2681; baseline 0 -20"><span class='ocrx_word' id='word_1_139' title='bbox 248 2597 324 2673; x_wconf 88' lang='lat' dir='ltr'><strong>rint,</strong></span> <span class='ocrx_word' id='word_1_140' title='bbox 347 2615 389 2660; x_wconf 82' lang='lat' dir='ltr'><strong>cx</strong></span> <span class='ocrx_word' id='word_1_141' title='bbox 410 2597 480 2681; x_wconf 87' lang='lat' dir='ltr'><strong>ipso</strong></span> <span class='ocrx_word' id='word_1_142' title='bbox 502 2595 676 2660; x_wconf 88' lang='lat' dir='ltr'><strong>Alcestidis</strong></span> <span class='ocrx_word' id='word_1_143' title='bbox 699 2602 887 2674; x_wconf 84' lang='lat' dir='ltr'><strong>argumento</strong></span> <span class='ocrx_word' id='word_1_144' title='bbox 911 2604 1056 2680; x_wconf 83' lang='lat' dir='ltr'><strong>apparet.</strong></span> <span class='ocrx_word' id='word_1_145' title='bbox 1101 2595 1184 2674; x_wconf 84' lang='lat' dir='ltr'><strong>Quid</strong></span> <span class='ocrx_word' id='word_1_146' title='bbox 1215 2597 1322 2660; x_wconf 76' lang='lat' dir='ltr'><strong>eninr?</strong></span> <span class='ocrx_word' id='word_1_147' title='bbox 1352 2614 1448 2677; x_wconf 82' lang='lat' dir='ltr'><strong>argu-</strong></span> 
     </span>
     <span class='ocr_line' id='line_1_21' title="bbox 249 2712 1448 2801; baseline -0.001 -21"><span class='ocrx_word' id='word_1_148' title='bbox 249 2723 357 2782; x_wconf 90' lang='lat' dir='ltr'><strong>mento</strong></span> <span class='ocrx_word' id='word_1_149' title='bbox 378 2713 456 2780; x_wconf 86' lang='lat' dir='ltr'><strong>fides</strong></span> <span class='ocrx_word' id='word_1_150' title='bbox 481 2734 583 2779; x_wconf 88' lang='lat' dir='ltr'><strong>nonne</strong></span> <span class='ocrx_word' id='word_1_151' title='bbox 606 2712 797 2795; x_wconf 86' lang='lat' dir='ltr'><strong>deneganda</strong></span> <span class='ocrx_word' id='word_1_152' title='bbox 819 2720 878 2790; x_wconf 89' lang='lat' dir='ltr'><strong>est,</strong></span> <span class='ocrx_word' id='word_1_153' title='bbox 900 2712 929 2778; x_wconf 93' lang='lat' dir='ltr'><strong>si</strong></span> <span class='ocrx_word' id='word_1_154' title='bbox 950 2715 1081 2779; x_wconf 88' lang='lat' dir='ltr'><strong>chorum</strong></span> <span class='ocrx_word' id='word_1_155' title='bbox 1111 2734 1128 2779; x_wconf 92' lang='lat' dir='ltr'><strong>e</strong></span> <span class='ocrx_word' id='word_1_156' title='bbox 1157 2713 1288 2780; x_wconf 88' lang='lat' dir='ltr'><strong>senibus</strong></span> <span class='ocrx_word' id='word_1_157' title='bbox 1318 2732 1448 2801; x_wconf 76' lang='lat' dir='ltr'><strong>compo</strong></span> 
     </span>
     <span class='ocr_line' id='line_1_22' title="bbox 250 2828 1451 2920; baseline -0.003 -20"><span class='ocrx_word' id='word_1_158' title='bbox 250 2835 346 2900; x_wconf 87' lang='lat' dir='ltr'><strong>situm</strong></span> <span class='ocrx_word' id='word_1_159' title='bbox 370 2832 470 2900; x_wconf 84' lang='lat' dir='ltr'><strong>fuisse</strong></span> <span class='ocrx_word' id='word_1_160' title='bbox 494 2833 608 2897; x_wconf 82' lang='lat' dir='ltr'><strong>docet?</strong></span> <span class='ocrx_word' id='word_1_161' title='bbox 652 2830 868 2918; x_wconf 70' lang='grc' dir='ltr'><strong>(,,συιέστηκε</strong></span> <span class='ocrx_word' id='word_1_162' title='bbox 892 2830 925 2895; x_wconf 71' lang='grc' dir='ltr'><strong>δὲ</strong></span> <span class='ocrx_word' id='word_1_163' title='bbox 948 2830 963 2896; x_wconf 86' lang='grc' dir='ltr'>ὁ</span> <span class='ocrx_word' id='word_1_164' title='bbox 987 2829 1088 2920; x_wconf 75' lang='grc' dir='ltr'>χόρος</span> <span class='ocrx_word' id='word_1_165' title='bbox 1109 2828 1145 2897; x_wconf 69' lang='grc' dir='ltr'><strong>ἔκ</strong></span> <span class='ocrx_word' id='word_1_166' title='bbox 1176 2855 1273 2896; x_wconf 81' lang='grc' dir='ltr'>τινων</span> <span class='ocrx_word' id='word_1_167' title='bbox 1304 2832 1451 2920; x_wconf 74' lang='grc' dir='ltr'><em>πρεσβυ-</em></span> 
     </span>
     <span class='ocr_line' id='line_1_23' title="bbox 252 2948 1224 3035; baseline -0.004 -19"><span class='ocrx_word' id='word_1_168' title='bbox 252 2954 317 3017; x_wconf 81' lang='grc' dir='ltr'><strong>τῶν</strong></span> <span class='ocrx_word' id='word_1_169' title='bbox 340 2948 556 3030; x_wconf 74' lang='grc' dir='ltr'><strong>ἐντοπίων.“).</strong></span> <span class='ocrx_word' id='word_1_170' title='bbox 600 2950 682 3017; x_wconf 88' lang='lat' dir='ltr'><strong>Nam</strong></span> <span class='ocrx_word' id='word_1_171' title='bbox 706 2950 825 3035; x_wconf 87' lang='lat' dir='ltr'><strong>injuria</strong></span> <span class='ocrx_word' id='word_1_172' title='bbox 848 2971 887 3016; x_wconf 85' lang='lat' dir='ltr'><strong>ex</strong></span> <span class='ocrx_word' id='word_1_173' title='bbox 909 2971 972 3016; x_wconf 93' lang='lat' dir='ltr'><strong>uno</strong></span> <span class='ocrx_word' id='word_1_174' title='bbox 994 2970 1089 3016; x_wconf 82' lang='lat' dir='ltr'><strong>versu</strong></span> <span class='ocrx_word' id='word_1_175' title='bbox 1112 2952 1224 3033; x_wconf 64' lang='lat' dir='ltr'><strong>cml:</strong></span> 
     </span>
    </p>
   </div>
   <div class='ocr_carea' id='block_1_8' title="bbox 482 3114 1204 3207">
    <p class='ocr_par' dir='ltr' id='par_1_8' title="bbox 482 3114 1204 3207">
     <span class='ocr_line' id='line_1_24' title="bbox 482 3114 1204 3207; baseline -0.004 -22"><span class='ocrx_word' id='word_1_176' title='bbox 482 3116 520 3186; x_wconf 72' lang='grc' dir='ltr'><strong>σὺ</strong></span> <span class='ocrx_word' id='word_1_177' title='bbox 544 3119 570 3185; x_wconf 78' lang='grc' dir='ltr'><strong>δ’</strong></span> <span class='ocrx_word' id='word_1_178' title='bbox 593 3114 626 3184; x_wconf 80' lang='grc' dir='ltr'><strong>εἶ</strong></span> <span class='ocrx_word' id='word_1_179' title='bbox 644 3115 785 3198; x_wconf 78' lang='grc' dir='ltr'>παλαιὸς</span> <span class='ocrx_word' id='word_1_180' title='bbox 805 3117 978 3199; x_wconf 77' lang='grc' dir='ltr'><em>δεσπόταις</em></span> <span class='ocrx_word' id='word_1_181' title='bbox 999 3118 1085 3207; x_wconf 75' lang='grc' dir='ltr'>ἐμοῖς</span> <span class='ocrx_word' id='word_1_182' title='bbox 1106 3117 1204 3204; x_wconf 73' lang='grc' dir='ltr'>φίλος</span> 
     </span>
    </p>
   </div>
   <div class='ocr_carea' id='block_1_9' title="bbox 253 3272 1455 3597">
    <p class='ocr_par' dir='ltr' id='par_1_9' title="bbox 253 3272 1454 3597">
     <span class='ocr_line' id='line_1_25' title="bbox 253 3272 1454 3379; baseline -0.002 -21"><span class='ocrx_word' id='word_1_183' title='bbox 253 3313 323 3360; x_wconf 87' lang='lat' dir='ltr'><strong>eum</strong></span> <span class='ocrx_word' id='word_1_184' title='bbox 346 3295 400 3379; x_wconf 90' lang='lat' dir='ltr'><strong>qui</strong></span> <span class='ocrx_word' id='word_1_185' title='bbox 422 3292 631 3358; x_wconf 75' lang='lat' dir='ltr'><strong>didascalicam</strong></span> <span class='ocrx_word' id='word_1_186' title='bbox 656 3292 798 3377; x_wconf 90' lang='lat' dir='ltr'><strong>scripsit</strong></span> <span class='ocrx_word' id='word_1_187' title='bbox 822 3291 997 3375; x_wconf 85' lang='lat' dir='ltr'><strong>conjecisse</strong></span> <span class='ocrx_word' id='word_1_188' title='bbox 1020 3309 1113 3357; x_wconf 90' lang='lat' dir='ltr'><strong>senes</strong></span> <span class='ocrx_word' id='word_1_189' title='bbox 1141 3288 1192 3356; x_wconf 93' lang='lat' dir='ltr'><strong>his</strong></span> <span class='ocrx_word' id='word_1_190' title='bbox 1214 3272 1323 3357; x_wconf 78' lang='lat' dir='ltr'><strong>verbis</strong></span> <span class='ocrx_word' id='word_1_191' title='bbox 1352 3291 1454 3372; x_wconf 84' lang='lat' dir='ltr'><strong>signi-</strong></span> 
     </span>
     <span class='ocr_line' id='line_1_26' title="bbox 253 3408 1455 3494; baseline -0.002 -18"><span class='ocrx_word' id='word_1_192' title='bbox 253 3412 329 3478; x_wconf 86' lang='lat' dir='ltr'><strong>ficat</strong></span> <span class='ocrx_word' id='word_1_193' title='bbox 315 3420 365 3477; x_wconf 87' lang='lat' dir='ltr'><strong>tos</strong></span> <span class='ocrx_word' id='word_1_194' title='bbox 389 3431 461 3478; x_wconf 90' lang='lat' dir='ltr'><strong>esse</strong></span> <span class='ocrx_word' id='word_1_195' title='bbox 482 3410 704 3477; x_wconf 86' lang='lat' dir='ltr'><strong>Bendixcnins</strong></span> <span class='ocrx_word' id='word_1_196' title='bbox 726 3408 906 3474; x_wconf 89' lang='lat' dir='ltr'><strong>luculenter</strong></span> <span class='ocrx_word' id='word_1_197' title='bbox 935 3412 1101 3494; x_wconf 81' lang='lat' dir='ltr'><strong>exposuit3</strong></span> <span class='ocrx_word' id='word_1_198' title='bbox 1135 3409 1345 3494; x_wconf 84' lang='lat' dir='ltr'><strong>nequeenim</strong></span> <span class='ocrx_word' id='word_1_199' title='bbox 1376 3429 1455 3474; x_wconf 87' lang='lat' dir='ltr'><strong>eun·</strong></span> 
     </span>
     <span class='ocr_line' id='line_1_27' title="bbox 255 3528 1451 3597; baseline -0.004 0"><span class='ocrx_word' id='word_1_200' title='bbox 255 3532 329 3597; x_wconf 91' lang='lat' dir='ltr'><strong>dem</strong></span> <span class='ocrx_word' id='word_1_201' title='bbox 351 3551 421 3596; x_wconf 90' lang='lat' dir='ltr'><strong>esse</strong></span> <span class='ocrx_word' id='word_1_202' title='bbox 442 3534 585 3596; x_wconf 86' lang='lat' dir='ltr'><strong>veterem</strong></span> <span class='ocrx_word' id='word_1_203' title='bbox 606 3529 745 3594; x_wconf 88' lang='lat' dir='ltr'><strong>amicum</strong></span> <span class='ocrx_word' id='word_1_204' title='bbox 769 3547 807 3593; x_wconf 89' lang='lat' dir='ltr'><strong>ac</strong></span> <span class='ocrx_word' id='word_1_205' title='bbox 829 3547 938 3593; x_wconf 91' lang='lat' dir='ltr'><strong>senem</strong></span> <span class='ocrx_word' id='word_1_206' title='bbox 960 3547 1091 3593; x_wconf 87' lang='lat' dir='ltr'><strong>necesse</strong></span> <span class='ocrx_word' id='word_1_207' title='bbox 1114 3546 1194 3593; x_wconf 86' lang='lat' dir='ltr'><strong>esse.</strong></span> <span class='ocrx_word' id='word_1_208' title='bbox 1238 3528 1359 3594; x_wconf 85' lang='lat' dir='ltr'><strong>Contra</strong></span> <span class='ocrx_word' id='word_1_209' title='bbox 1380 3547 1451 3593; x_wconf 90' lang='lat' dir='ltr'><strong>cum</strong></span> 
     </span>
    </p>
   </div>
   <div class='ocr_carea' id='block_1_10' title="bbox 217 3645 1453 3732">
    <p class='ocr_par' dir='ltr' id='par_1_10' title="bbox 217 3645 1453 3732">
     <span class='ocr_line' id='line_1_28' title="bbox 217 3645 1453 3732; baseline -0.005 -17"><span class='ocrx_word' id='word_1_210' title='bbox 217 3691 223 3715; x_wconf 74' lang='grc'><strong>.</strong></span> <span class='ocrx_word' id='word_1_211' title='bbox 255 3649 405 3717; x_wconf 87' lang='lat' dir='ltr'><strong>emnltis</strong></span> <span class='ocrx_word' id='word_1_212' title='bbox 426 3646 500 3712; x_wconf 90' lang='lat' dir='ltr'><strong>aliis</strong></span> <span class='ocrx_word' id='word_1_213' title='bbox 522 3647 604 3713; x_wconf 91' lang='lat' dir='ltr'><strong>locis</strong></span> <span class='ocrx_word' id='word_1_214' title='bbox 628 3646 769 3713; x_wconf 90' lang='lat' dir='ltr'><strong>dilucide</strong></span> <span class='ocrx_word' id='word_1_215' title='bbox 791 3665 967 3732; x_wconf 84' lang='lat' dir='ltr'><strong>apparere,</strong></span> <span class='ocrx_word' id='word_1_216' title='bbox 1005 3653 1135 3712; x_wconf 82' lang='lat' dir='ltr'><strong>chorum</strong></span> <span class='ocrx_word' id='word_1_217' title='bbox 1165 3666 1182 3712; x_wconf 90' lang='lat' dir='ltr'><strong>e</strong></span> <span class='ocrx_word' id='word_1_218' title='bbox 1213 3646 1290 3711; x_wconf 83' lang='lat' dir='ltr'><strong>viris</strong></span> <span class='ocrx_word' id='word_1_219' title='bbox 1313 3645 1453 3712; x_wconf 88' lang='lat' dir='ltr'><strong>nondum</strong></span> 
     </span>
    </p>
   </div>
   <div class='ocr_carea' id='block_1_11' title="bbox 255 3763 1456 3971">
    <p class='ocr_par' dir='ltr' id='par_1_11' title="bbox 255 3763 1456 3971">
     <span class='ocr_line' id='line_1_29' title="bbox 255 3763 1456 3852; baseline -0.007 -17"><span class='ocrx_word' id='word_1_220' title='bbox 255 3768 492 3835; x_wconf 82' lang='lat' dir='ltr'><strong>matrimonium</strong></span> <span class='ocrx_word' id='word_1_221' title='bbox 514 3765 657 3852; x_wconf 85' lang='lat' dir='ltr'><strong>expertis</strong></span> <span class='ocrx_word' id='word_1_222' title='bbox 680 3770 829 3832; x_wconf 85' lang='lat' dir='ltr'><strong>constare</strong></span> <span class='ocrx_word' id='word_1_223' title='bbox 851 3770 921 3830; x_wconf 91' lang='lat' dir='ltr'><strong>tum</strong></span> <span class='ocrx_word' id='word_1_224' title='bbox 944 3785 984 3830; x_wconf 80' lang='lat' dir='ltr'><strong>er</strong></span> <span class='ocrx_word' id='word_1_225' title='bbox 1015 3765 1136 3838; x_wconf 86' lang='lat' dir='ltr'><strong>verbis,</strong></span> <span class='ocrx_word' id='word_1_226' title='bbox 1166 3784 1248 3851; x_wconf 88' lang='lat' dir='ltr'><strong>quae</strong></span> <span class='ocrx_word' id='word_1_227' title='bbox 1280 3763 1397 3831; x_wconf 90' lang='lat' dir='ltr'><strong>chorus</strong></span> <span class='ocrx_word' id='word_1_228' title='bbox 1418 3765 1456 3827; x_wconf 87' lang='lat' dir='ltr'><strong>nt</strong></span> 
     </span>
     <span class='ocr_line' id='line_1_30' title="bbox 257 3882 1154 3971; baseline -0.005 -17"><span class='ocrx_word' id='word_1_229' title='bbox 257 3887 405 3954; x_wconf 82' lang='lat' dir='ltr'><strong>Alcestin</strong></span> <span class='ocrx_word' id='word_1_230' title='bbox 426 3884 577 3953; x_wconf 83' lang='lat' dir='ltr'><strong>laudibus</strong></span> <span class='ocrx_word' id='word_1_231' title='bbox 601 3882 724 3963; x_wconf 80' lang='lat' dir='ltr'><strong>efferat,</strong></span> <span class='ocrx_word' id='word_1_232' title='bbox 745 3893 886 3970; x_wconf 90' lang='lat' dir='ltr'><strong>pronunt</strong></span> <span class='ocrx_word' id='word_1_233' title='bbox 873 3884 933 3950; x_wconf 90' lang='lat' dir='ltr'><strong>tiat</strong></span> <span class='ocrx_word' id='word_1_234' title='bbox 954 3884 1030 3970; x_wconf 75' lang='lat'>(473</span> <span class='ocrx_word' id='word_1_235' title='bbox 1052 3889 1154 3971; x_wconf 69' lang='lat' dir='ltr'><strong>sqql:</strong></span> 
     </span>
    </p>
   </div>
   <div class='ocr_carea' id='block_1_12' title="bbox 409 4069 1325 4519">
    <p class='ocr_par' dir='ltr' id='par_1_12' title="bbox 409 4069 859 4161">
     <span class='ocr_line' id='line_1_31' title="bbox 409 4069 859 4161; baseline -0.011 -21"><span class='ocrx_word' id='word_1_236' title='bbox 409 4097 568 4153; x_wconf 78' lang='grc' dir='ltr'><strong>τοιαυτας</strong></span> <span class='ocrx_word' id='word_1_237' title='bbox 590 4069 638 4160; x_wconf 69' lang='grc' dir='ltr'><strong>εἴη</strong></span> <span class='ocrx_word' id='word_1_238' title='bbox 662 4097 719 4161; x_wconf 78' lang='grc' dir='ltr'><strong>μοι</strong></span> <span class='ocrx_word' id='word_1_239' title='bbox 743 4071 859 4161; x_wconf 78' lang='grc' dir='ltr'>κῦρσαι</span> 
     </span>
    </p>

    <p class='ocr_par' dir='ltr' id='par_1_13' title="bbox 410 4187 1102 4281">
     <span class='ocr_line' id='line_1_32' title="bbox 410 4187 1102 4281; baseline -0.006 -23"><span class='ocrx_word' id='word_1_240' title='bbox 410 4214 467 4259; x_wconf 84' lang='grc' dir='ltr'><strong>συν</strong></span> <span class='ocrx_word' id='word_1_241' title='bbox 470 4187 584 4272; x_wconf 74' lang='grc' dir='ltr'><strong><em>δυάδος</em></strong></span> <span class='ocrx_word' id='word_1_242' title='bbox 606 4190 722 4275; x_wconf 73' lang='grc' dir='ltr'>φιλίας</span> <span class='ocrx_word' id='word_1_243' title='bbox 743 4189 889 4279; x_wconf 82' lang='grc' dir='ltr'>ιἰλόχου·</span> <span class='ocrx_word' id='word_1_244' title='bbox 912 4189 1014 4257; x_wconf 82' lang='grc' dir='ltr'><strong>τοῦτο</strong></span> <span class='ocrx_word' id='word_1_245' title='bbox 1037 4189 1102 4281; x_wconf 66' lang='lat' dir='ltr'><strong>yolo</strong></span> 
     </span>
    </p>

    <p class='ocr_par' dir='ltr' id='par_1_14' title="bbox 410 4297 1325 4519">
     <span class='ocr_line' id='line_1_33' title="bbox 410 4297 1325 4404; baseline -0.005 -25"><span class='ocrx_word' id='word_1_246' title='bbox 410 4309 441 4379; x_wconf 81' lang='grc' dir='ltr'><strong>ἐν</strong></span> <span class='ocrx_word' id='word_1_247' title='bbox 463 4309 570 4397; x_wconf 82' lang='grc' dir='ltr'>βιότω</span> <span class='ocrx_word' id='word_1_248' title='bbox 594 4306 730 4378; x_wconf 75' lang='grc' dir='ltr'>σπάνιοι</span> <span class='ocrx_word' id='word_1_249' title='bbox 751 4310 857 4402; x_wconf 74' lang='grc' dir='ltr'><em>μέρος·</em></span> <span class='ocrx_word' id='word_1_250' title='bbox 878 4297 897 4404; x_wconf 71' lang='grc' dir='ltr'><strong><em>ἦ</em></strong></span> <span class='ocrx_word' id='word_1_251' title='bbox 921 4306 985 4400; x_wconf 73' lang='grc' dir='ltr'><strong>γὰο</strong></span> <span class='ocrx_word' id='word_1_252' title='bbox 1008 4305 1048 4376; x_wconf 74' lang='grc' dir='ltr'><strong>ἄν</strong></span> <span class='ocrx_word' id='word_1_253' title='bbox 1071 4305 1168 4401; x_wconf 78' lang='grc' dir='ltr'>ἔμοιγ</span> <span class='ocrx_word' id='word_1_254' title='bbox 1168 4304 1325 4393; x_wconf 59' lang='grc' dir='ltr'><strong>’ἅλυφος</strong></span> 
     </span>
     <span class='ocr_line' id='line_1_34' title="bbox 412 4424 794 4519; baseline 0.003 -23"><span class='ocrx_word' id='word_1_255' title='bbox 412 4431 451 4496; x_wconf 79' lang='grc' dir='ltr'><strong>δι’</strong></span> <span class='ocrx_word' id='word_1_256' title='bbox 473 4432 587 4511; x_wconf 76' lang='grc' dir='ltr'><strong><em>αἰῶνος</em></strong></span> <span class='ocrx_word' id='word_1_257' title='bbox 607 4424 651 4496; x_wconf 77' lang='lat' dir='ltr'><strong>cl&#39;c</strong></span> <span class='ocrx_word' id='word_1_258' title='bbox 651 4427 794 4519; x_wconf 70' lang='grc' dir='ltr'><strong>ξυνείη.</strong></span> 
     </span>
    </p>
   </div>
   <div class='ocr_carea' id='block_1_13' title="bbox 0 0 1633 4914">
    <p class='ocr_par' dir='ltr' id='par_1_15' title="bbox 0 0 1633 4914">
     <span class='ocr_line' id='line_1_35' title="bbox 0 0 1633 4914; baseline 0 0"><span class='ocrx_word' id='word_1_259' title='bbox 0 0 1633 4914; x_wconf 95' lang='lat' dir='ltr'><strong> </strong></span> 
     </span>
    </p>
   </div>
  </div>
 </body>
</html>
