3210 4914
642 401 935 467 ..37-

187 576 248 644 anl
274 578 347 671 dem
383 577 496 644 Grund
517 544 723 661 praktiscber
746 557 915 639 Wabrbeit
937 542 1227 637 beraurszuhcren.“
1269 568 1390 634 Tamen

187 715 259 762 curu
283 697 351 783 ipse
372 696 422 761 vir
442 693 648 772 clarissimus,
677 712 716 758 oe
742 692 836 757 nimis
858 692 891 757 in
914 692 985 757 istis
1001 691 1099 756 rebus
1122 690 1258 757 arbitrio
1279 692 1388 753 nostro

184 814 370 883 tribuamus
397 816 539 885 moneat,
569 810 765 897 persuadre
794 807 871 874 mibi
903 829 1035 894 nequeo,
1065 808 1154 875 illam
1184 807 1388 895 potissimum

187 933 344 998 rationem
366 937 480 1021 poetas
501 931 534 996 in
554 929 673 997 tabulis
695 929 926 1013 componendis
948 933 1076 994 secutos
1098 947 1180 994 esse.
1203 937 1260 976 -l
1326 966 1331 976 ·

270 1050 335 1115 lam
360 1050 460 1131 igitur
481 1056 625 1116 revertor
645 1048 688 1114 ad
711 1045 898 1113 Bucblrnlzii
929 1047 1134 1113 sententiam.
1158 1048 1208 1113 cni
1240 1026 1386 1110 omuibus

186 1169 256 1235 fere
278 1168 358 1234 teis
376 1168 568 1237 ,satanico
598 1169 631 1231 in
660 1165 719 1231 boc
750 1186 814 1231 non
844 1165 1037 1249 adstipu'or,
1079 1166 1163 1251 qrrod
1199 1162 1386 1250 Euripidem

189 1288 393 1353 considerate
429 1303 488 1351 nac
517 1286 585 1350 siae
604 1295 725 1367 magna
747 1284 883 1385 quodam
908 1287 977 1372 arte
999 1303 1084 1350 nova
1108 1284 1240 1381 necdum
1265 1285 1387 1349 usitata

185 1405 322 1471 artificia
334 1402 518 1468 adhibuisse
539 1400 762 1468 censet-Ut
787 1404 870 1467 einim
895 1402 963 1466 viro
987 1403 1175 1468 doctissimo
1199 1403 1384 1478 concedam,

186 1528 313 1610 poetam
336 1521 395 1587 boc
416 1517 571 1592 effecisse,
593 1525 630 1586 ut
651 1521 830 1586 auditorum
850 1521 975 1585 animos
998 1540 1018 1586 a
1039 1519 1191 1587 cothurni
1211 1523 1385 1588 severitate

182 1643 226 1709 ad
249 1643 335 1709 socci
356 1639 520 1706 levitatem
535 1639 654 1706 sensim
678 1660 716 1705 ac
738 1640 935 1724 pedetentim
959 1639 1154 1721 deflecteret,
1177 1646 1286 1706 tamen
1308 1639 1385 1706 mibi

182 1761 314 1845 quidem
337 1763 629 1844 spectatores
654 1760 733 1823 satis
766 1757 945 1824 delectasse
968 1759 1060 1825 nobis
1083 1758 1223 1825 tabulam
1247 1760 1384 1842 legen-

180 1878 308 1944 tibus
330 1896 393 1943 non
415 1878 603 1942 satisfacere
624 1875 796 1962 Euripides
820 1875 954 1940 videtur.
994 1876 1076 1942 Nam
1098 1895 1164 1942 non
1186 1880 1280 1943 modo
1304 1881 1384 1947 banc

183 1996 325 2061 tabulam
348 2015 449 2081 neque
467 1996 653 2078 tragoediae
676 2015 734 2061 nec
758 1994 898 2060 dramati
919 1996 1060 2079 satyrion
1084 1995 1253 2061 convenire
1275 2003 1383 2064 osten-

180 2112 301 2182 dimus,
323 2115 380 2180 sed
402 2134 440 2178 ne
461 2115 510 2178 ita
533 2114 670 2199 quidem,
692 2114 722 2179 si
743 2114 912 2199 Euripides
929 2113 1067 2180 scribere
1085 2113 1196 2186 voluit,
1220 2119 1304 2202 quod
1323 2137 1382 2185 nos

157 2252 254 2305 ‚eum
277 2233 416 2298 voluisse
438 2238 599 2319 putamus,
619 2232 758 2299 Alcestis
788 2233 934 2298 omnibus
964 2234 1106 2299 numeris
1136 2232 1303 2319 probanda
1323 2241 1381 2303 est.

266 2350 483 2436 Quodcunque
504 2351 590 2416 enim
618 2350 746 2418 fabulae
768 2349 856 2416 illius
887 2350 1054 2417 consilium
1084 2357 1143 2425 est,
1172 2350 1251 2419 baec
1285 2359 1383 2434 certe,

178 2487 263 2553 quae
285 2488 384 2556 supra
405 2469 436 2535 ei
459 2470 585 2536 crimini
607 2448 766 2552 dedimus,
787 2469 822 2534 in
846 2489 915 2535 eam
939 2469 1077 2536 cadunt:
1109 2490 1173 2535 non
1195 2491 1302 2540 unam.
1323 2476 1381 2540 sed

178 2588 260 2652 duas
282 2590 426 2653 actiones
449 2589 564 2670 inesse,
586 2608 650 2683 non
672 2589 735 2653 sibi
758 2593 905 2653 constare
927 2608 1092 2674 personas,
1115 2589 1189 2666 alia,
1220 2610 1300 2676 quae
1329 2591 1381 2658 vel

177 2704 294 2786 augeri
314 2712 462 2791 possunt.
505 2705 591 2784 Quae
614 2706 711 2786 enim,
733 2709 769 2771 ut
790 2725 887 2771 unum
911 2705 1054 2780 afferam,
1081 2704 1192 2792 πλοκὴ
1216 2717 1275 2787 est,
1298 2728 1380 2796 qnae

181 2817 294 2901 About
317 2844 454 2910 quarum
475 2844 583 2889 rerum
605 2832 675 2889 tota
697 2823 808 2890 tabula
831 2844 871 2890 ne
894 2827 1064 2907 vestigium
1086 2825 1212 2910 quidem
1242 2826 1378 2894 inveniri

177 2943 251 3028 quis
274 2944 400 3028 estqui
431 2948 549 3023 neget?
570 2978 612 2989 -
641 2940 729 3018 Quae
755 2961 827 3008 cum
848 2943 896 3008 ita
917 2944 991 3024 sint,
1021 2943 1080 3008 boc
1103 2951 1204 3021 teneo,
1234 2944 1378 3012 Alcestin

179 3059 272 3125 nobis
294 3080 359 3126 non
380 3080 474 3146 possa
496 3061 695 3127 satisfacere.
719 3058 817 3144 Cujus
840 3063 885 3127 rei
909 3080 1036 3128 causam
1059 3062 1092 3126 in
1116 3082 1152 3126 eo
1172 3063 1379 3147 potissimum

175 3178 319 3245 arbitror
346 3180 487 3266 positam
519 3198 599 3259 esse,
631 3178 717 3266 quod
750 3179 889 3265 mythns,
923 3199 985 3265 quo
1006 3179 1285 3264 Euripides'usus
1316 3187 1376 3265 est,

175 3299 306 3363 omnino
329 3318 392 3364 non
415 3307 508 3385 aptus
529 3303 580 3364 est
601 3298 644 3364 ad
666 3299 700 3364 id
721 3297 904 3364 fabularum
926 3318 1036 3380 genus,
1057 3299 1140 3383 quod
1164 3300 1305 3367 scribere
1320 3322 1375 3368 vo·

174 3412 246 3482 luit.
290 3416 370 3483 Nam
394 3419 522 3483 devotio
541 3417 669 3504 quidem
691 3423 788 3504 atquc
811 3417 918 3484 exitus
938 3416 1114 3483 Alcestidis
1130 3417 1286 3503 optimam
1307 3426 1375 3488 tra·

173 3537 307 3616 goediae
328 3539 493 3602 materiem
516 3537 682 3622 praebent.
725 3537 824 3618 „Quis
846 3537 939 3612 enim,
959 3537 1063 3620 inquit
1074 3535 1287 3616 Hermaonus‚
1309 3560 1374 3606 non

174 3654 272 3729 ridet,
301 3655 349 3720 ita
378 3676 447 3721 rem
476 3658 622 3742 potuisse
653 3655 787 3733 institui,
821 3663 858 3721 ut
888 3655 990 3720 inscio
1025 3656 1140 3720 marito
1171 3656 1316 3723 Alcestin
1338 3678 1373 3725 se

175 3770 273 3837 morti
306 3773 474 3840 devovisse
502 3781 685 3861 appareret,
716 3773 769 3839 ille
793 3793 867 3838 vero
898 3794 993 3853 nunc,
1024 3773 1174 3860 quoniam
1198 3775 1230 3841 id
1261 3783 1372 3842 votum

173 3889 299 3954 irritum
334 3892 424 3957 reddi
452 3914 514 3958 non
543 3898 666 3979 posset,
700 3893 748 3958 ita
769 3892 967 3973 significaret
988 3893 1128 3958 dolorem
1152 3913 1257 3973 suum,
1279 3898 1316 3961 ut
1337 3916 1372 3962 se

172 4009 282 4091 potius
305 4029 364 4095 pro
387 4010 445 4076 illa
465 4012 549 4077 mori
570 4021 715 4099 paratum
739 4010 935 4081 ostenderet.
957 4012 985 4076 si
1006 4031 1135 4077 servare
1157 4031 1226 4078 eam
1249 4019 1371 4098 posset,

172 4146 230 4192 nec
241 4129 308 4193 vita
321 4130 479 4195 excedens
491 4129 606 4196 liberos
617 4136 752 4216 utroque
765 4138 896 4216 parente
908 4129 1003 4194 orbos
1015 4129 1208 4196 desereret.“
1224 4169 1253 4179 -
1268 4131 1370 4199 Immo

171 4245 372 4330 praeclaram
399 4249 583 4330 tragoediae
613 4251 783 4315 materiam
814 4248 953 4314 babebat
982 4257 1090 4334 poeta,
1112 4250 1140 4313 si
1169 4248 1372 4319 describebat

170 4365 334 4432 decretum
354 4365 486 4433 deorum
508 4368 549 4433 de
572 4373 673 4434 morte
695 4366 838 4446 Admeti,
878 4366 1040 4452 Apollinis
1063 4366 1211 4433 fraudem
1233 4368 1266 4434 in
1289 4367 1369 4436 Par·

170 4501 224 4547 cas
247 4485 461 4565 commissam,
494 4486 596 4552 inscio
620 4486 748 4573 quidem
769 4487 919 4565 Admeto,
951 4484 1126 4551 Alcestidis
1156 4484 1371 4570 devotionem,
