3210 4914
611 392 904 455 ...¹21-

155 588 226 632 mus
249 569 297 631 vir
319 567 359 631 de
382 586 416 632 se
439 565 643 651 profiteatur:
667 583 737 629 sese
761 562 954 630 verecundie
976 582 1101 628 summa
1123 584 1200 647 erga
1233 569 1359 648 petram

156 705 281 772 semper
301 704 393 751 usum
419 685 553 770 praemii
574 682 643 749 loco
665 682 706 748 ab
730 701 767 748 eo
789 681 824 747 in
846 691 981 748 mortem
1005 681 1156 768 compelli

239 803 266 870 0
290 803 399 869 dilium
422 803 753 888 praestantissimum!
777 807 930 887 quantam
955 800 1055 881 igitur
1082 804 1209 886 petrem
1231 801 1261 866 ei
1283 818 1359 883 gra·

155 922 235 987 tiam
259 922 375 988 debere
398 922 591 1007 putabimus,
612 921 667 1008 qni
689 941 758 986 eum
783 940 846 987 non
869 917 1013 1001 offendit,
1037 941 1102 991 non
1126 920 1246 1004 injuria
1267 918 1359 987 adfe-

156 1043 209 1114 cit,
233 1062 294 1105 non
316 1041 500 1106 verberarit
522 1040 674 1126 denique!
698 1038 760 1105 Pro
783 1039 842 1106 hao
863 1044 957 1106 tanta
978 1039 1095 1105 virtute
1116 1042 1211 1126 pater
1232 1040 1360 1125 nequis·

155 1171 255 1226 simus
278 1161 357 1225 adeo
380 1179 445 1225 non
474 1160 574 1224 refert
603 1160 752 1242 gratiam,
785 1171 822 1224 ut
843 1178 883 1224 ne
914 1158 996 1223 mori
1030 1136 1158 1242 quidem
1191 1158 1259 1242 ejus
1286 1157 1359 1225 loeo

156 1278 250 1343 velit!
295 1277 384 1357 Quae
407 1279 567 1365 pravitas,
600 1276 632 1343 di
662 1275 875 1342 immortales!
917 1276 1066 1341 nimirum
1091 1283 1187 1362 pater
1214 1275 1269 1343 ille
1291 1282 1359 1343 tarn

155 1398 301 1478 ingratus
318 1396 391 1480 jure
422 1394 498 1473 filio,
531 1395 620 1479 cujus
641 1396 759 1461 merita
789 1395 908 1460 eximia
936 1402 1004 1460 tam
1031 1396 1116 1463 male
1148 1402 1361 1483 compensata

156 1522 247 1581 sunt!
269 1553 311 1564 -
333 1514 414 1594 Quid
437 1536 516 1601 opus
538 1520 588 1580 est
609 1533 693 1580 nova
714 1515 878 1599 proferre?
900 1513 949 1579 bis
972 1514 1026 1598 qui
1048 1535 1113 1580 non
1127 1519 1358 1595 commovetur,

156 1633 285 1699 omnino
308 1634 504 1699 commoveri
526 1639 582 1699 aut
602 1633 714 1718 nequit
734 1638 790 1698 aut
820 1652 883 1697 non
905 1631 988 1704 vult;
1021 1634 1134 1718 quodsi
1156 1632 1358 1715 Hurtungius

154 1751 330 1818 Admetum
360 1751 409 1818 his
438 1729 546 1818 verbis
578 1754 782 1817 severitatem
814 1750 965 1816 adbibere
986 1750 1020 1815 iu
1051 1757 1202 1837 parentes
1235 1752 1358 1838 pietate

153 1891 213 1937 sua
235 1871 385 1953 indignos
407 1871 599 1948 arbitratur,
630 1890 694 1935 non
716 1889 858 1956 possum,
887 1870 965 1955 quin
996 1870 1100 1935 virum
1131 1870 1357 1938 doctissimum

154 1989 306 2076 opinione
327 1988 550 2076 praejudicata
573 1987 704 2057 ductum
735 1987 821 2055 nolle
851 1987 960 2056 videre
988 2007 1147 2070 censeam,
1182 2007 1264 2074 quae
1284 1986 1356 2056 luce

155 2109 294 2176 clariora
314 2114 399 2175 sunt.

236 2245 282 2311 At
303 2250 379 2309 sunt
406 2263 542 2330 quoque,
574 2263 656 2329 quae
685 2243 782 2312 laude
816 2243 915 2328 digna
943 2243 1115 2311 videantur
1142 2232 1177 2309 in
1204 2241 1356 2327 Admeto,

153 2363 240 2431 velut
261 2365 392 2446 egregia
419 2361 635 2449 hospitalitas,
667 2380 841 2449 perquam
864 2361 915 2429 vel
938 2382 1062 2429 summo
1084 2360 1172 2429 luctu
1195 2362 1355 2450 hospitem

153 2483 315 2549 dimittere
338 2486 482 2559 retatur;
515 2486 613 2568 atque
645 2501 839 2568 quamquam
861 2481 969 2548 dicere
1003 2483 1121 2568 possis,
1151 2481 1248 2550 facile
1271 2502 1354 2565 osse,

151 2599 317 2667 liberalem
341 2620 376 2666 se
398 2599 565 2686 praebere,
588 2602 663 2667 dum
686 2601 749 2667 sibi
770 2600 850 2666 satis
872 2600 974 2666 multa
1002 2604 1087 2682 sunt,
1119 2601 1203 2666 unde
1234 2621 1355 2680 sumas,

151 2728 259 2786 tamen
282 2740 344 2786 non
366 2721 526 2788 assentior
546 2720 720 2808 Koechlyo‚
750 2723 804 2808 qui
826 2742 866 2788 ne
888 2719 972 2787 hanc
996 2722 1123 2807 quidem
1151 2719 1304 2788 virtutem
1325 2723 1355 2789 ei

151 2839 275 2919 tribuit,
296 2841 353 2906 sed
376 2845 548 2926 propterea
569 2841 743 2908 Admotum
771 2838 936 2906 liberalem
958 2840 992 2906 in
1012 2838 1183 2907 Herculem
1205 2859 1277 2907 esse
1299 2860 1354 2907 su·
1397 2818 1401 2827 ⁵

150 2960 305 3044 spiratur,
338 2962 375 3023 nt
396 2959 518 3045 etipse
540 2958 581 3026 ab
602 2958 741 3026 Hercule
773 2979 845 3027 cnm
877 2958 1071 3028 liberalitate
1104 2959 1297 3047 excipiatur,
1318 2958 1353 3024 id

151 3077 236 3162 quod
259 3075 423 3144 concludit
444 3097 462 3144 e
483 3077 605 3144 verbis:

351 3237 452 3325 αὗτός
473 3246 500 3310 δ’
524 3248 663 3336 αἰρίστου
686 3246 785 3314 τοῦδε
806 3242 970 3335 τυγχάνω
993 3245 1090 3328 ξένου

360 3362 443 3432 ὅταν
466 3376 543 3434 ποτ’
557 3362 701 3458 ’Ἄργους
721 3368 840 3454 διψίαν
861 3363 953 3436 ἔλθω
968 3366 1097 3455 χθόνα,

148 3539 262 3626 quibus
286 3545 393 3606 tamen
415 3558 456 3605 ex
478 3538 585 3605 verbis
606 3558 673 3605 non
693 3541 843 3606 existimo
865 3539 945 3606 illud
968 3538 1073 3606 conici
1095 3559 1262 3625 posse-
1284 3539 1354 3609 Hoc

147 3660 282 3744 denique
315 3658 343 3723 si
379 3656 633 3739 consideramus,
667 3659 752 3725 cives
775 3658 806 3726 ei
828 3678 943 3741 magno
974 3678 1084 3726 amore
1113 3660 1239 3729 deditos
1270 3680 1352 3749 esse,

146 3776 192 3841 ita
221 3775 261 3843 de
291 3796 328 3842 eo
355 3774 593 3860 judicabimus:
637 3776 794 3843 Admetus
824 3782 875 3843 est
907 3776 1000 3842 homo
1031 3776 1175 3845 bonitate
1213 3783 1352 3867 quadam

144 3895 321 3982 praeditus,
343 3931 385 3943 -
404 3894 657 3963 meliusnostrao
678 3894 788 3979 lingua
805 3894 963 3962 vocabulo
993 3894 1292 3982 „Gutmbthigkeit‘
1317 3901 1352 3968 id

142 4014 355 4097 significatur,
384 4012 470 4098 quod
495 4014 528 4079 in
556 4023 725 4099 utramque
753 4019 879 4101 purtem
908 4016 992 4080 verti
1021 4022 1143 4101 potest,
1167 4019 1251 4102 quod
1280 4039 1351 4086 ver·

143 4132 217 4198 burn
249 4132 356 4198 nescio
391 4151 434 4198 an
466 4133 568 4199 latine
604 4151 668 4198 uno
703 4133 858 4199 vocabolo
895 4133 1034 4220 exprimi
1065 4154 1130 4202 non
1166 4138 1282 4223 possit,
1303 4144 1351 4204 st

142 4268 203 4336 que
245 4251 342 4317 etiam
388 4257 533 4318 nostrum
577 4249 790 4334 „Egoismus“
837 4250 952 4317 melius
996 4256 1172 4340 respondet
1216 4255 1350 4322 Admeti

142 4369 295 4449 moribus,
333 4388 429 4455 quam
464 4368 519 4436 ille
555 4390 667 4453 „amor
701 4369 772 4437 sui“
794 4406 852 4450 -,
887 4376 976 4436 totus
1016 4379 1125 4439 tamen
1162 4375 1212 4441 sui
1247 4376 1349 4461 ipsius

141 4506 250 4554 amore
279 4488 422 4574 repletus
476 4487 527 4554 Ab
550 4488 599 4555 bis
632 4488 756 4555 duabus
785 4488 881 4554 rebus
915 4489 1024 4556 omnia
1055 4493 1232 4577 repetenda
1261 4501 1348 4563 sunt.
1392 4500 1396 4507 '
