3210 4914
694 317 987 385 ...31-

238 484 398 571 hendiqus
419 483 580 570 cupiditas
602 492 818 552 monstrorum
846 488 997 557 illorum?
1040 491 1214 571 „Hercules
1241 497 1326 563 enim
1354 495 1437 567 mals

238 612 274 669 ut
294 604 327 670 in
356 602 500 668 dramate
528 603 669 689 satyrico
698 625 866 691 personam
897 629 987 674 suam
1018 616 1125 678 tuetur
1158 631 1196 678 ao
1229 618 1343 698 parum
1372 615 1434 682 sibi

238 729 376 803 constat,
399 723 518 806 quippe
541 723 594 808 qui
617 724 705 788 initio
724 724 871 807 jocosum
901 723 1096 815 hilaremque
1125 735 1157 796 et
1179 737 1214 797 ut
1243 730 1290 797 ita
1319 731 1434 816 dicam,

236 860 334 930 prope
357 840 554 926 satyricum,
587 861 662 907 mox
693 847 800 908 tamen
833 863 1024 926 generosum
1055 865 1189 932 vereque
1211 846 1376 917 heroicum
1397 870 1432 918 se

217 963 384 1044 ostendit.
434 957 556 1025 Partim
593 960 689 1042 igitur
718 960 892 1042 cothurno,
926 963 1048 1048 partim
1081 984 1182 1032 socco
1205 965 1320 1049 dignus
1341 969 1430 1036 ride·

234 1081 393 1158 tur.‘⁴²r-
409 1078 497 1157 Quae
519 1096 589 1142 oum
612 1079 658 1143 ita
679 1079 754 1156 sint,
775 1078 865 1146 nulla
886 1099 985 1147 causa
1006 1089 1066 1163 est,
1088 1102 1145 1149 cur
1156 1085 1299 1152 Alcestin
1316 1086 1430 1153 drama

235 1200 409 1284 satyricum
432 1204 582 1282 putemus
605 1214 686 1261 esse.
703 1232 745 1245 -

317 1316 430 1384 Restat
450 1323 597 1400 quartum
620 1313 709 1393 illud,
730 1314 875 1383 Alcestin
909 1319 1049 1385 medium
1086 1319 1218 1406 aliquod
1247 1342 1317 1390 esse
1346 1323 1431 1389 inter

233 1434 434 1520 tragoediam
456 1439 488 1500 et
510 1433 720 1516 comoediam,
753 1441 825 1513 aut,
859 1435 892 1501 id
924 1439 1009 1522 quod
1039 1438 1105 1522 jam
1134 1438 1372 1507 Eichstaedtius
1395 1440 1430 1508 in

233 1557 327 1637 libro,
350 1575 442 1639 quem
465 1553 506 1618 de
528 1551 674 1618 dramate
696 1552 893 1620 Graecorum
905 1557 1167 1644 comicosatyrioo
1189 1558 1331 1645 scripsit,
1353 1579 1428 1625 cen-

233 1681 294 1753 set,
316 1673 481 1751 „Alcestin
504 1670 546 1736 ad
568 1669 648 1735 illud
671 1670 853 1737 dramatum
875 1693 975 1755 genus
998 1677 1160 1759 acaedam,
1181 1678 1265 1763 quod
1297 1676 1426 1743 lidandi

234 1794 329 1861 hodie
351 1792 548 1877 aliorumque
570 1787 686 1853 studiis
710 1790 905 1875 perpolitum
928 1798 960 1859 et
980 1795 1013 1859 in
1034 1813 1113 1860 usus
1126 1802 1325 1877 reuocatum,
1346 1795 1426 1862 Dra·

231 1921 353 1980 matum
376 1931 402 1977 s.
424 1906 687 1996 Spectaculorum
711 1910 879 1990 angustius
899 1910 1058 1977 dictorum
1075 1913 1427 1987 nomineeelebratur‘t

231 2032 284 2101 cui
313 2028 424 2114 generi
461 2028 509 2092 vir
541 2027 748 2092 doctissimus
780 2028 877 2093 etiam
909 2028 1062 2115 Aeschyli
1097 2030 1233 2113 Persas,
1262 2031 1427 2118 Euripidis

231 2150 393 2226 Orestem,
427 2145 629 2233 Iphigeniae,
663 2144 927 2229 Andromachen,
966 2148 1049 2214 alias
1084 2146 1268 2235 hujusmodi
1289 2149 1425 2217 ¹fabulas

229 2269 334 2336 subici
368 2267 463 2333 licere
492 2265 676 2345 arbitratur,
714 2263 765 2345 „in
797 2264 914 2351 quibus
943 2267 1067 2348 tragica
1094 2266 1189 2334 Musa
1219 2266 1425 2336 descendisse

228 2403 457 2472 nonnunquam
480 2383 628 2448 rideatur
650 2401 667 2448 e
686 2380 817 2464 fastigio
839 2402 915 2463 suo,
952 2386 1035 2452 vires
1058 2385 1203 2452 consulto
1235 2395 1424 2470 extenuans,

131 2502 134 2507 ’
229 2508 272 2575 ad
292 2505 464 2573 levandam
486 2500 606 2568 doloris
627 2501 912 2588 miserationisque
939 2503 1150 2571 acerbitatem
1177 2502 1346 2572 hilariores
1374 2506 1425 2571 in-

228 2627 376 2694 tericiens
412 2623 692 2715 ethapourr‘ppaq
721 2638 934 2706 personarum
965 2630 997 2689 et
1024 2642 1188 2690 sormones
1224 2622 1424 2711 loquentium

229 2747 398 2830 exitusque
418 2740 585 2807 tristitiam
607 2739 772 2826 insperata
793 2741 840 2808 rei
862 2740 1014 2823 mitigans
1045 2743 1283 2809 conversione.“
1326 2742 1423 2809 Simi-

226 2864 302 2930 liter
322 2859 517 2943 Wagnerus:
539 2856 706 2940 „videtum
726 2857 841 2944 inquit,
862 2858 1003 2926 Alcestis
1025 2881 1066 2927 ex
1087 2863 1201 2926 nostra
1221 2860 1421 2928 rationedici

227 3001 322 3070 posse
344 2978 505 3068 pertinere
526 2978 568 3043 ad
590 2976 728 3042 medium
752 2977 911 3064 quoddam
934 2997 1034 3062 genus
1054 2979 1140 3045 inter
1160 2978 1363 3062 tragoediam
1390 2984 1422 3046 ot

226 3099 436 3180 comoediam,
459 3097 542 3184 quod
564 3102 725 3162 nostrates
747 3096 860 3160 drama
874 3094 1026 3163 dixerunt
1048 3095 1123 3163 κατ’
1146 3092 1272 3184 ἐξοχὴν
1288 3095 1420 3177 (Schen-

227 3219 407 3306 spiel).“-
449 3217 500 3284 Ad
523 3213 656 3282 eandem
680 3215 816 3300 deniqne
844 3215 1056 3295 sententiam,
1087 3221 1125 3282 ut
1153 3214 1234 3282 alios
1265 3215 1421 3294 omittam,

225 3332 441 3407 Buohholzius
462 3334 611 3413 accessit,
632 3334 687 3420 qui
709 3331 884 3420 quaerenti,
902 3333 979 3421 qnid
996 3332 1139 3400 Alcestis
1160 3334 1212 3413 sit,
1232 3331 1419 3419 respondet:

227 3464 370 3550 „Quippe
390 3457 472 3526 mira
492 3453 623 3536 farrago
646 3458 706 3532 est,
728 3472 864 3539 quacum
886 3452 943 3518 vix
964 3450 1078 3535 habeo,
1112 3450 1188 3539 quid
1223 3469 1421 3538 comparemr

225 3581 337 3651 fabula
358 3584 417 3654 est,
438 3592 519 3661 quae
542 3573 631 3638 varie
652 3592 711 3638 nos
733 3570 844 3645 afficit,
873 3590 955 3657 quae
977 3589 1062 3636 nunc
1091 3567 1243 3636 lacrimas
1271 3566 1424 3651 concitat,

224 3720 310 3770 nunc
331 3697 432 3764 risum
462 3697 590 3771 moret,
621 3710 707 3757 nunc
736 3664 871 3776 propter
902 3707 1111 3776 personarum
1138 3687 1221 3753 vitia
1249 3684 1340 3778 mele*
1362 3704 1422 3752 nos

222 3821 324 3889 hahet
345 3835 384 3883 ac
406 3830 608 3897 summopere
631 3807 782 3890 offendit;
805 3826 887 3894 quae
908 3827 929 3874 a
950 3807 1127 3890 tragoedia,
1150 3825 1233 3893 quae
1254 3825 1274 3871 a
1296 3822 1425 3872 comeo·

226 3942 291 4016 dia,
312 3955 393 4025 qnae
422 3952 442 3999 a
471 3930 617 4025 dramate
649 3928 791 4014 satyrico
822 3927 1043 3993 diversissima
1072 3942 1217 4012 quaeque
1248 3929 1424 4001 mutuatur,

224 4080 285 4126 nec
308 4061 418 4123 tamen
440 4051 480 4119 ad
504 4048 605 4115 ullum
627 4045 740 4112 horum
762 4064 917 4129 generum
945 4045 1102 4130 pertinet3
1135 4061 1217 4129 qnae
1244 4043 1340 4109 modo
1369 4059 1425 4108 co·

224 4178 373 4248 thumum
396 4172 500 4260 spirat
521 4166 618 4235 modo
640 4184 769 4234 soccum
790 4163 929 4241 redolet;
952 4182 1034 4248 quae
1054 4140 1140 4229 nuno
1162 4161 1283 4245 prande
1296 4156 1426 4227 dicendi

222 4347 423 4364 m·-

293 4433 317 4500 1)
334 4430 363 4487 E.
380 4426 515 4480 Buelrholz
533 4426 550 4477 l.
570 4440 591 4476 c.
609 4441 634 4492 p.
653 4425 686 4476 au
