3210 4914
617 342 914 409 ..αξξ-

157 505 161 511 ’
246 513 314 581 Hae
344 502 444 585 tritor
478 515 658 582 sententiae
686 514 779 580 uobis
820 514 1056 581 examinandae
1086 522 1171 581 sunt.
1223 516 1363 600 Cumque

163 632 321 699 neminem
352 632 472 718 majore
493 634 687 700 anctoritate
710 652 782 698 esse
815 633 994 699 existimem
1017 633 1051 699 in
1073 623 1262 700 definiendis
1283 636 1364 702 artis

163 753 309 838 poeticae
331 751 467 833 legibus.
483 770 578 836 quam
595 750 814 818 Aristotelem,
832 748 916 816 hune
932 753 1132 837 potissimum
1146 753 1364 826 consulamus,

165 871 310 961 (eandem
333 890 427 955 quam
448 868 627 951 Wagnerus
651 867 770 953 aliique
792 868 877 932 viam
901 870 1053 951 ingressi)
1076 877 1112 936 ut
1128 889 1209 956 quaa
1224 872 1364 938 Alcesti·

164 987 216 1054 dis
246 988 370 1055 indoles
402 989 575 1073 quantique
603 985 660 1051 illa
680 985 791 1051 fabula
820 986 1024 1052 aestimanda
1052 988 1096 1055 sit
1123 1007 1365 1071 cognoscamus.

166 1105 286 1185 Quodsi
317 1106 458 1191 primum
481 1125 519 1171 ea
540 1104 684 1191 quaestio
708 1104 850 1185 exsistit,
887 1123 963 1170 num
987 1105 1127 1173 Alcestis
1149 1107 1182 1172 in
1204 1110 1366 1192 tragoedi-

165 1244 254 1289 arum
277 1244 409 1291 numero
422 1223 570 1291 habenda
591 1224 645 1305 sit,
665 1222 890 1308 inquirendum
914 1223 1007 1288 nobis
1030 1230 1090 1307 est,
1111 1234 1217 1292 utrum
1240 1227 1364 1311 legibus

166 1343 206 1408 ab
231 1336 406 1411 Aristotele
437 1341 639 1424 investigatis
668 1342 862 1427 respondeat
884 1360 996 1406 necne.
1040 1342 1176 1413 Omissis
1198 1346 1297 1428 igitur
1319 1348 1365 1413 eis

166 1462 262 1528 rebus
281 1464 322 1527 ad
356 1459 555 1543 tragoediam
578 1461 833 1545 componendam
863 1459 1066 1540 necessariis,
1098 1480 1180 1547 quae
1207 1484 1272 1529 non
1293 1485 1367 1551 per-

11 1572 13 1577 ’
113 1664 115 1669 ‚
165 1582 268 1646 tinent
289 1582 331 1646 ad
354 1600 432 1651 rem,
465 1581 504 1645 de
526 1598 591 1665 qua
621 1579 757 1660 agimus,
793 1577 880 1642 velut
902 1585 1024 1644 certum
1045 1581 1201 1665 temporis
1224 1582 1366 1667 spatium

166 1699 366 1766 retinendum
391 1718 471 1781 esse,
492 1697 577 1771 aliis,
598 1698 766 1779 tragoedia
781 1695 831 1762 his
845 1696 952 1762 verbis
969 1695 1119 1763 definitur
1140 1698 1246 1784 (Pnet.
1269 1721 1296 1768 e.
1320 1704 1365 1786 6).

166 1813 255 1899 Ιἔστιν
291 1806 347 1882 οὖν
381 1815 550 1903 τραγςυδία
585 1816 717 1902 μίμησις
748 1809 891 1900 πράξεως
920 1813 1099 1913 σπουδαίας
1138 1813 1193 1881 καῖ
1229 1819 1366 1903 τελείας,

164 1935 306 2023 μέγεθος
334 1932 484 2023 ἐχούσης,
514 1931 683 2021 ἡδυσμὲνῳ
713 1930 813 2017 λόγῳ,
837 1928 940 2021 χωρῖς
961 1931 1104 2000 ἑκάστου
1128 1938 1196 2000 τιὸν
1218 1936 1311 2002 εἰδοῖν
1334 1936 1366 2003 ἐν

166 2057 234 2127 τοῖς
254 2057 390 2142 μορίοις,
424 2050 573 2142 δρώντων
596 2047 650 2115 καῖ
675 2042 713 2115 οὗ
737 2051 778 2115 δι’
800 2049 1021 2137 ἀπαγγελίας,
1044 2049 1083 2115 δι’
1106 2050 1199 2119 ἐλέου
1223 2053 1277 2121 καῖ
1302 2055 1366 2139 φό-

164 2175 230 2252 βου
251 2176 450 2259 τεραίνουσα
473 2168 534 2258 τὴν
557 2173 623 2237 τῶν
648 2162 805 2235 τοιούτων
828 2166 1038 2259 παθημάτων
1059 2169 1235 2260 κάθαρσιν.
1278 2176 1367 2256 Quas

163 2300 201 2358 ut
223 2294 565 2377 accuratiusexponat,
587 2292 726 2375 primum
740 2288 774 2354 id
797 2289 938 2355 maxime
961 2299 1075 2376 poetae
1090 2293 1282 2359 servandum
1296 2314 1367 2362 esse

165 2412 271 2493 docet,
288 2420 336 2476 'ut
366 2411 451 2476 actio
484 2430 547 2474 una
567 2408 628 2490 sit,
660 2427 754 2492 qnam
786 2407 917 2472 adrem
942 2429 1004 2473 non
1028 2411 1108 2475 satis
1131 2430 1211 2489 esse,
1241 2413 1280 2478 de
1301 2411 1367 2480 nna

164 2549 303 2616 persona
320 2528 461 2594 fabulam
484 2546 595 2610 agerer
618 2545 690 2591 uam
713 2525 831 2612 μῦθος,
855 2527 960 2613 inquit
982 2526 1026 2614 (c.
1048 2529 1083 2607 8)
1110 2525 1197 2593 ἐστὶν
1219 2525 1270 2613 εἷς,
1296 2531 1365 2620 οὐχ

166 2644 275 2736 ιίστερ
298 2647 380 2724 τινὲς
402 2643 539 2726 οῖονται,
563 2642 617 2709 ἐὰν
639 2641 710 2734 aspi
736 2639 791 2709 ἕνα
815 2633 846 2733 ᾗ.
869 2642 981 2709 πολλὰ
1005 2643 1068 2733 γὰρ
1093 2644 1146 2710 ιιαῖ
1171 2643 1291 2729 ἄπειρα
1316 2656 1368 2735 τῷ

166 2764 209 2832 ἔνῖ
230 2767 415 2855 συμβαίνει,
439 2762 475 2845 ἐξ
498 2753 542 2828 niv
567 2761 655 2828 ἐνίων
679 2755 770 2827 οὐδέν
794 2762 881 2829 ἐστιν
904 2758 945 2828 ἕν.
988 2759 1076 2829 οὕτω
1101 2765 1134 2829 δὲ
1157 2763 1212 2830 καῖ
1235 2765 1368 2858 πράξεις

164 2883 232 2964 ἑνὸς
252 2883 378 2952 πολλαί
400 2887 490 2967 εἰσιν,
512 2882 549 2959 ἐξ
572 2869 616 2946 cdv
639 2884 698 2971 μία
723 2881 858 2971 ου’δεμία
881 2884 1007 2968 γίνεται
1030 2884 1154 2972 πρᾶξις.
1194 2887 1368 2974 Propterea

164 3027 223 3073 eos
245 3008 475 3092 vituperandos
509 3023 580 3069 esse
604 3005 659 3084 ait,
681 3006 735 3089 qui
762 3024 814 3068 res
836 3004 876 3068 ab
899 3004 1046 3083 Hercule,
1080 3006 1197 3091 quippe
1229 3008 1269 3074 ab
1301 3030 1365 3076 uno

161 3130 285 3210 gestas,
307 3143 371 3190 una
391 3122 502 3188 fabula
523 3122 707 3189 describere
729 3122 827 3188 licere
849 3127 982 3208 putent3
1002 3118 1073 3210 χρὴ
1091 3111 1157 3203 οὖν,
1180 3125 1292 3211 inquit,
1307 3124 1365 3192 τὸν

163 3245 285 3336 μίνθον,
309 3240 376 3308 ἐπεὶ
392 3239 540 3331 πράξεως
560 3243 692 3332 μίμγσίς
713 3243 791 3318 ίστι,
815 3244 890 3329 μιᾶς
910 3265 948 3306 τε
970 3234 1052 3305 εἶναι
1069 3238 1123 3304 καῖ
1140 3236 1263 3331 ταύτης
1280 3242 1366 3336 ὅλγς,

164 3361 221 3428 καὶ
244 3361 287 3430 τὰ
308 3361 389 3454 με’ργ
421 3357 614 3427 συνεστάναι
638 3362 704 3426 τῶν
737 3357 945 3448 πραγμάτων
976 3354 1080 3438 οὕτως
1109 3355 1194 3426 diora
1224 3388 1366 3452 μετατι-

165 3482 307 3571 θεμένου
329 3475 416 3560 τινῖις
437 3480 553 3569 μέρους
571 3474 855 3569 ἧᾶφαιρουμένου
878 3477 1097 3566 διαφέρεσθαι
1122 3475 1177 3543 καῖ
1201 3483 1365 3547 κινεῖσθαι

163 3599 204 3668 τὸ
228 3597 317 3668 ὅλον.
360 3602 471 3686 Neque
497 3599 603 3664 minus
633 3599 665 3664 id
699 3600 877 3663 cavendum
906 3617 988 3678 csse,
1009 3619 1048 3663 nc
1081 3598 1271 3685 περιπέτειαι
1300 3621 1366 3668 non

164 3728 293 3786 moveat
314 3720 572 3785 misericordiam
595 3726 650 3782 ant
670 3721 801 3796 metum,
824 3737 896 3781 narn
921 3714 1021 3800 δῆλον
1043 3717 1148 3803 inquit
1168 3723 1211 3797 (c.
1235 3720 1287 3804 13)
1310 3714 1364 3786 ὅτι

164 3833 244 3904 οὕτε
266 3833 342 3915 τοὺς
363 3835 511 3914 ἐπιεικεῖς
535 3832 652 3924 οῖνδρας
672 3834 721 3899 δεῖ
740 3832 1024 3922 μεταβάλλοντας
1046 3836 1227 3915 φαίνεσθαι
1253 3834 1291 3919 ἐξ
1313 3839 1365 3903 ου’-

163 3957 350 4044 τυχίαςείς
378 3954 596 4042 δυστυχίαν.
622 4006 629 4020 ,
653 4003 662 4020 .
686 4010 692 4020 ,
716 3946 794 4018 οὔτε
824 3947 899 4029 τοὺς
927 3947 1124 4042 μοχθηροὺς
1152 3951 1190 4037 ἐξ
1221 3954 1365 4043 ἀτυχίας

164 4078 207 4156 είς
227 4072 391 4160 εὐτυχίαν
414 4070 710 4160 (ἂτραγςυδότατον
732 4068 795 4159 γὰρ
818 4069 911 4136 τοῦτ’
934 4067 1001 4136 ὲστῖ
1020 4070 1165 4138 τοίντων.
1189 4070 1281 4140 ου’δὲν
1299 4072 1363 4165 γὰρ

163 4190 237 4283 ἔχει
261 4178 305 4257 νῖν
327 4191 384 4261 δεῖ.
407 4187 485 4258 οὕτε
507 4192 570 4280 γὰρ
594 4189 837 4280 φιλάνθρωπον
860 4185 937 4256 οὔτε
961 4186 1098 4255 ἐλεεινὸν
1117 4185 1195 4258 οὕτε
1218 4191 1364 4284 Φοβερόν

163 4312 266 4397 ἐστιν)
290 4309 358 4378 ου’δ’
380 4298 421 4376 αὖ
445 4309 502 4377 τὸν
527 4309 656 4399 σφόδρα
690 4308 830 4398 τονγρόν
853 4306 890 4390 ἐξ
920 4306 1081 4397 ειῖτυχίας
1109 4310 1150 4384 είς
1179 4308 1364 4400 δυστυχίαν

159 4432 389 4517 μεταπίπτειν.
414 4429 549 4496 Restare
572 4429 671 4512 igitur
693 4449 775 4505 eum,
797 4430 851 4516 qui
873 4446 977 4514 neque
1001 4429 1130 4494 omnino
1144 4448 1282 4514 nequam
1304 4451 1363 4498 nec
